2236 3814
1087 236 1176 300 [52

263 401 841 482 nuncupatur-illud
871 402 947 462 de
970 414 1091 481 quo
1122 400 1383 482 agimus,
1410 400 1554 481 quia
1581 401 1731 482 ipsis
1761 400 1994 461 incum-

262 505 357 565 bit
402 503 705 566 Gentibus
750 527 898 567 cura
939 506 1128 567 hocce
1171 506 1290 566 Jus
1333 506 1725 586 exsequendi.
1815 504 1998 580 Quod

264 609 512 689 quidem
543 610 794 689 exsequi
825 609 1056 670 Gentes
1103 611 1335 670 debent
1376 628 1680 670 ADVERSUS
1719 626 1996 669 morinos

259 729 518 772 IPSARUM
561 713 1021 772 MODERATOR-ES.
1060 726 1064 729 ’
1111 713 1257 772 Non
1301 713 1418 772 alio
1464 713 1608 773 sane
1646 712 1774 771 ritu
1801 711 1997 792 possi-

262 814 396 875 deri
451 815 515 874 in
574 817 721 875 orbe
777 822 1085 875 terrarum
1134 837 1258 896 pax
1307 822 1517 895 potest
1577 822 1687 875 aut
1746 814 1996 886 servari,

264 939 448 998 quam
469 925 542 978 ut
567 918 798 980 Gentes
818 920 1246 980 Moderatores
1273 940 1419 979 suos
1437 920 1831 1000 prohibeant,
1857 926 1896 952 ‘⁶
1921 940 1998 980 ne

249 1021 414 1101 justo
443 1023 693 1083 tramite
717 1023 1080 1083 excedant.''
1149 1024 1282 1083 Pax
1304 1024 1589 1083 turbetur
1610 1043 1861 1083 necesse
1880 1029 1996 1094 est,

262 1126 445 1185 modo
476 1147 623 1186 cura
659 1127 947 1186 servandi
976 1127 1018 1185 J
1022 1127 1145 1186 uris
1180 1126 1467 1187 Gentium
1498 1127 1760 1187 Vicariis
1791 1126 1997 1187 remit-

262 1235 436 1290 tatur
446 1252 462 1301 ;
496 1231 926 1290 Moderatores
953 1232 1109 1302 dico,
1138 1232 1359 1310 quibus
1390 1231 1654 1290 facultas
1675 1232 1860 1290 datur
1880 1231 1998 1290 hoc

264 1332 307 1392 J
310 1353 381 1392 us
412 1334 781 1412 applicandi,
812 1333 977 1393 idem
1019 1333 1489 1412 interpretandi,
1524 1355 1594 1392 60
1638 1354 1753 1412 pro
1795 1333 2001 1392 lubitu

260 1435 649 1495 immutandi.
740 1436 879 1495 Hoc
922 1437 1136 1515 utique
1180 1437 1386 1507 111οᾶ0,
1421 1457 1491 1495 60
1534 1437 1789 1495 tandem
1821 1437 1998 1496 deve-

262 1539 432 1598 nitur
477 1545 549 1597 ut
581 1538 747 1599 Gens
792 1539 995 1618 aliqua
1041 1546 1211 1619 “pro
1241 1539 1282 1598 J
1286 1560 1392 1597 ure
1435 1539 1660 1598 habeat
1705 1539 2003 1618 quidquid

265 1642 507 1721 egerint
550 1641 949 1722 Principes:''
1000 1648 1072 1701 ut
1100 1642 1246 1703 vero
1277 1643 1572 1722 pristinus
1602 1651 2002 1723 recuperetur

267 1752 490 1816 statUS,
525 1752 773 1825 oportet
805 1746 1085 1805 oriantur
1117 1746 1364 1825 quidam
1395 1747 1616 1806 ceteris
1648 1747 1997 1818 dissimileS,

266 1849 370 1927 qui
401 1850 684 1919 doceant,
719 1850 823 1927 qui
852 1850 1326 1929 reprehendant.

352 1952 474 2013 Sed
530 1954 779 2033 gravior
850 1955 1051 2013 adhuc
1121 1959 1319 2013 restat
1393 1947 1804 2013 consideratio
1865 1975 2000 2033 quae

262 2061 508 2134 tempus
553 2056 830 2114 futurum
888 2056 1159 2135 respicit.
1249 2056 1367 2115 Jus
1421 2055 1714 2116 Gentium
1773 2057 1826 2115 si
1874 2076 2003 2115 non

265 2165 564 2230 servetur,
589 2179 841 2218 necesse
871 2165 966 2218 est
995 2166 1067 2218 ut
1096 2160 1347 2219 tandem
1377 2167 1805 2239 pervertatur3
1855 2160 2003 2218 dum

263 2262 455 2341 ipsius
501 2284 747 2335 nomen,
796 2262 1095 2334 formulae,
1147 2264 1505 2334 auctoritas,
1552 2270 1850 2342 tanquam
1895 2284 2000 2323 ne-

264 2365 425 2425 bulae
478 2366 707 2426 Orbem
751 2367 1191 2425 obscurabunt.
1281 2367 1446 2425 Illud
1487 2367 1678 2445 igitur
1720 2367 2001 2426 homines

266 2468 476 2539 astuti,
500 2468 674 2547 quasi
703 2468 911 2527 fucum
942 2476 1007 2528 et
1035 2476 1428 2548 praetextum,
1455 2470 1743 2548 objicient
1771 2470 1999 2530 facino-

265 2571 436 2631 ribus
490 2572 636 2642 suiS‚
689 2560 840 2631 adeo
891 2578 962 2630 ut
1014 2573 1303 2652 deinceps
1356 2594 1431 2632 ex
1489 2573 1606 2633 hoc
1657 2576 2001 2652 praesertim

265 2673 436 2733 fonte
464 2674 624 2733 bella
653 2674 971 2733 dimanent
1001 2681 1063 2733 et
1094 2675 1434 2734 discordiae.

349 2777 472 2836 Per
529 2776 815 2855 exiguam
872 2778 1158 2837 rimulam
1217 2778 1572 2838 subintrant
1630 2778 1777 2839 solis
1822 2780 1999 2841 radii.

267 2879 491 2938 Invitae
520 2879 735 2957 utique
772 2879 1035 2939 delirant
1077 2887 1315 2959 gentes,
1348 2887 1630 2960 peccant,
1662 2882 1998 2954 trucidant,

265 2982 422 3042 male
439 2982 685 3041 habent.
749 2980 882 3054 Qua
904 2982 978 3039 de
1009 2982 1208 3053 causa,
1235 2990 1539 3062 quotquot
1566 2983 1628 3041 in
1659 2983 1776 3043 hoc
1793 3005 2001 3044 rerum

270 3093 440 3146 statu
491 3106 739 3146 cernere
795 3085 1003 3145 valent
1052 3085 1352 3156 homines,
1411 3086 1618 3146 studio
1682 3088 2002 3167 replentur

269 3208 516 3268 magno,
535 3188 847 3248 laboribus
876 3209 1003 3248 non
1031 3195 1314 3268 parcunt,
1347 3189 1716 3249 auctoritate
1745 3191 1998 3269 pollent.

268 3291 432 3352 Utut
486 3313 825 3372 paucorum
881 3292 1230 3372 nulliusque
1300 3293 1600 3355 momenti
1655 3293 1997 3367 hominum,

268 3394 443 3456 labor
471 3401 682 3454 tamen
710 3394 864 3475 forte
893 3401 990 3457 est
1017 3395 1391 3456 fructuosus,
