2236 3814
1143 215 1224 274 84

304 381 596 442 Ecclesiae
624 400 754 440 non
782 380 988 459 palam
1017 378 1314 459 professis
1342 401 1354 438 :
1403 377 1775 438 Potentatus
1806 378 2036 438 etenim

303 484 407 564 qui
453 504 694 544 summo
739 505 880 544 cum
939 483 1213 542 omnium
1274 481 1627 541 discrimine
1685 481 1763 540 ad
1821 502 2039 560 aggre-

303 588 596 647 diendum
638 587 820 667 proni
864 593 1030 657 sunt,
1076 606 1200 645 uno
1251 586 1557 644 duntaxat
1603 590 1880 663 excepto,
1911 605 2040 644 non

305 697 453 750 sunt
499 689 822 750 Catholici.
914 690 1011 748 Ex
1068 694 1337 768 quatuor
1393 687 1834 747 Potentatibus
1893 707 2037 766 per-

303 793 577 864 111010010,
611 814 687 853 ex
729 792 959 871 Anglia
993 813 1217 871 nempe
1262 792 1325 851 et
1369 790 1617 861 Russia,
1649 788 1949 873 Borussia
1978 796 2042 848 et

308 895 523 968 Gallia,
572 897 636 955 in
696 917 801 956 eos
863 897 1028 956 certe
1073 895 1337 954 maxime
1394 894 1682 953 influeret
1738 894 2043 953 PONTIF-EX

309 1000 626 1071 ROMANUS,
696 999 802 1078 qui
861 998 1180 1059 Catholico
1252 997 1500 1057 nomine
1561 1018 1687 1056 non
1745 997 2041 1076 gaudent.

308 1104 449 1163 Hoc
477 1104 543 1162 in
573 1105 711 1163 loco
751 1104 1027 1162 indicare
1071 1102 1504 1161 tantummode
1533 1121 1864 1181 possumus
1897 1101 2047 1180 quid

306 1207 586 1278 velimus,
609 1229 734 1266 non
765 1208 941 1286 plene
974 1208 1049 1265 de
1081 1227 1151 1265 eo
1183 1206 1500 1265 disserere.
1591 1204 1758 1264 Satis
1782 1205 2047 1264 fortasse

296 1312 426 1390 jam
463 1311 695 1370 dictum
729 1317 825 1370 est
856 1311 937 1368 ad
967 1309 1422 1368 ostendendum
1454 1328 1558 1367 eos
1592 1308 1697 1387 qui
1725 1308 1791 1365 in
1819 1307 2048 1387 Anglia

309 1416 544 1493 degunt
605 1413 980 1483 Catholicos,
1041 1413 1228 1471 immo
1287 1418 1529 1490 partem
1598 1411 1915 1470 minimam
1973 1433 2050 1471 ex

304 1539 518 1578 eorum
564 1538 845 1589 1111111010,
896 1517 1180 1576 sufficere
1227 1517 1305 1575 ad
1355 1517 1760 1575 coercendam
1822 1517 2047 1594 agendi

303 1623 609 1683 rationem
643 1621 960 1692 Gubernii,
982 1622 1277 1700 injustam
1295 1620 1512 1699 utique
1533 1627 1594 1679 et
1615 1619 2045 1699 perniciosam.

304 1727 532 1786 Russia
588 1727 754 1797 Vero,
817 1726 998 1785 modo
1072 1724 1273 1784 activa
1317 1723 1565 1802 Angliae
1611 1724 2046 1802 cooperatione

307 1830 703 1900 destituatur,
739 1830 907 1889 omni
948 1828 1183 1888 carebit
1235 1827 1627 1898 auctoritate,
1669 1828 1816 1885 dum
1868 1827 2049 1887 simul

307 1934 628 1992 exordium
660 1934 730 1992 fit
770 1939 843 1991 ut
886 1932 1009 2012 ipsi
1038 1931 1287 2011 Angliae
1322 1952 1433 1990 sua
1467 1931 1721 1990 tandem
1751 1931 2050 1990 reddatur

307 2038 666 2097 auctoritas.
760 2036 1135 2110 Quinimmo,
1172 2042 1234 2095 et
1277 2035 1443 2094 inter
1473 2034 1710 2093 Russos
1755 2034 2051 2094 Prussos-

312 2157 429 2215 que
487 2138 770 2196 nonnulli
827 2138 1072 2197 ROMANI
1118 2138 1460 2196 PoNTIFicis
1506 2136 1943 2196 auctoritatem
1985 2136 2052 2195 in

308 2221 686 2319 spiritalibus
759 2247 1127 2320 agnoscunt.
1218 2241 1432 2310 Porro,
1507 2261 1633 2299 una
1712 2241 2050 2320 eademque

305 2344 470 2403 inter
501 2365 716 2403 omnes
749 2346 934 2404 debet
964 2365 1098 2404 esse
1129 2344 1355 2423 agendi
1383 2345 1734 2403 methodus.
1822 2344 1956 2404 Nec
1985 2344 2052 2404 id

305 2449 825 2528 praetereundum,
881 2449 1083 2508 adhuc
1139 2448 1206 2506 in
1266 2446 1464 2508 Gallia
1507 2448 1743 2527 aliquos
1793 2449 2052 2528 reperiri

312 2550 684 2610 CatholicOS.

394 2654 709 2734 Quidquid
726 2654 792 2713 in
814 2655 1000 2715 rebus
1020 2654 1287 2734 politicis
1307 2656 1556 2715 valeant
1574 2655 1704 2715 haec
1714 2654 2049 2729 Gubernia,

308 2756 600 2818 adversus
631 2758 893 2817 Romam
942 2758 1479 2831 machinabuntur,
1527 2759 1754 2820 directe
1806 2761 2053 2839 quidem

306 2861 372 2921 in
414 2861 618 2940 ipsum
662 2861 1031 2921 Pontificem
1076 2862 1327 2941 ejusque
1370 2862 1714 2934 Ministros,
1755 2863 2051 2924 indirecte

306 2965 472 3036 vero,
505 2964 883 3045 auspicando
915 2965 992 3024 ab
1024 2964 1350 3044 Episcopis
1396 2971 1459 3024 et
1506 2965 1684 3026 Clero
1715 2966 2049 3046 unicuique

305 3068 681 3156 Reipublicae
747 3068 1057 3148 subjectis.
1147 3067 1483 3147 Imprimis,
1531 3069 1875 3148 ceterisque
1918 3092 2052 3151 per-

306 3172 620 3244 niciosius,
667 3172 783 3233 hoc
825 3172 1084 3232 Austria
1125 3171 1434 3231 molietur.
1524 3171 1742 3232 Omnis
1788 3174 2052 3254 denique
2141 3223 2156 3231 -

307 3295 508 3337 0011110
557 3297 771 3336 00111111
820 3276 1041 3356 quibus
1091 3296 1192 3336 res
1242 3275 1510 3354 politicae
1563 3283 1710 3336 sunt
1755 3297 1936 3350 curae,
1983 3276 2054 3338 οὂ

309 3378 611 3457 dirigetur
654 3386 728 3439 ut
772 3379 927 3440 nulli
971 3380 1143 3441 locus
1195 3379 1450 3439 cedatur
1500 3379 1864 3459 cogitationi
1915 3401 2052 3461 quae

1120 3540 1157 3562 ν.
