2236 3814
1151 248 1225 307 51

311 414 519 475 nullus
580 410 979 488 Christianus,
1029 415 1235 477 nullus
1281 417 1388 478 Vir
1422 408 1686 500 denique
1724 421 2058 495 invenitur,
2172 477 2174 479 ,

314 515 497 580 modo
560 519 826 600 excipias
907 539 1035 593 eos,
1116 520 1168 580 si
1242 521 1348 601 qui
1418 521 1576 583 forte
1656 525 2059 604 protestando

313 623 702 684 denuntient.

398 727 653 810 Proprie
699 727 978 788 demum-
997 749 1069 790 ac
1119 727 1273 790 bene
1321 728 1365 790 J
1366 749 1440 790 us
1479 728 1777 790 Gentium
1822 750 2060 792 nuncu*—

312 837 538 912 patur3
589 832 731 912 quia
786 853 897 913 per
942 853 1008 893 se
1060 830 1259 893 solum
1310 833 1386 892 de
1438 834 1787 894 actionibus
1827 819 2064 896 tractat

313 937 671 1016 aggregatis
713 937 1026 999 variarum
1071 936 1388 1011 Gentium,
1437 945 1501 999 et
1555 959 1668 999 sua
1715 939 1792 1000 de
1842 939 2064 1000 iisdem

312 1037 434 1100 fert
481 1039 733 1120 judicia.
823 1039 970 1102 Non
1016 1041 1183 1102 aliud
1235 1048 1331 1102 est
1378 1062 1450 1103 ac
1501 1041 1620 1103 Jus
1670 1042 1883 1116 Civile,
1926 1050 2062 1104 tum

314 1143 479 1223 quod
530 1143 609 1204 ad
658 1144 922 1225 publica,
975 1151 1112 1205 tum
1159 1145 1326 1226 quod
1377 1146 1458 1205 ad
1503 1146 1767 1226 privata,
1819 1153 2062 1228 spectat

304 1246 556 1327 judicia,
593 1247 658 1307 in
690 1248 992 1328 quantum
1034 1250 1156 1310 toti
1202 1249 1653 1310 Communitati
1699 1257 1911 1332 potest
1955 1272 2060 1332 ap-

312 1351 545 1431 plicari.
633 1352 868 1432 Accipe
909 1353 1041 1433 jam
1088 1354 1511 1414 definitionem
1556 1375 1743 1434 quam
1790 1355 1867 1414 de
1908 1353 1951 1414 J
1954 1375 2061 1414 ure

317 1453 609 1516 Gentium
653 1457 915 1535 protulit
949 1458 1433 1536 jurisconsultus
1477 1458 1644 1517 inter
1682 1458 1925 1537 Anglos
1965 1457 2058 1517 in-

317 1558 548 1639 signis:
599 1566 637 1591 ‘⁶
661 1559 808 1619 Tale
855 1565 950 1619 est
995 1559 1209 1639 utique
1255 1559 1372 1619 Jus
1422 1559 2059 1630 Gentium‚'’-—verba

318 1669 466 1722 sunt
537 1661 1038 1722 Mansfieldii—-“
1070 1662 1188 1723 Jus
1280 1664 1593 1742 quoddam
1668 1663 2055 1735 Universale‚

318 1766 483 1846 quod
527 1766 745 1826 nullibi
796 1787 867 1827 ac
912 1767 977 1825 in
1016 1765 1246 1846 Anglia
1293 1767 1481 1826 latius
1525 1766 1767 1847 patebit
1801 1789 1813 1826 :
1883 1766 2057 1846 cujus

314 1869 495 1950 vigor
522 1891 634 1950 per
657 1869 857 1950 Leges
877 1870 1187 1950 Antiquas
1211 1870 1456 1950 Angliae
1487 1870 1868 1950 agnoscitur,
1893 1870 2059 1949 quod

314 1973 380 2033 in
418 1974 554 2053 ipso
599 1974 752 2035 Jure
797 1982 1016 2034 nostro
1074 1974 1253 2035 Civili
1304 1995 1487 2035 suum
1539 1974 1782 2034 obtinet
1830 1974 2052 2033 locum.

315 2077 497 2155 Leyes
541 2098 580 2136 a
623 2078 1036 2137 Parliamento
1083 2078 1220 2137 latae
1262 2083 1557 2156 nequeunt
1601 2077 1703 2137 hoc
1747 2076 1858 2136 Jus
1906 2076 2057 2135 Gen-

318 2181 467 2241 tium
494 2182 814 2241 immutare
841 2205 864 2248 ;
896 2202 1096 2261 neque
1126 2202 1203 2241 ex
1231 2181 1589 2260 hujusmodi
1618 2180 1891 2259 Legibus
1912 2200 2055 2259 cog-

314 2283 595 2344 noscitur
621 2283 828 2363 ipsum
857 2282 996 2354 Jus,
1036 2302 1154 2342 nec
1188 2283 1411 2342 modus
1465 2276 1586 2361 quo
1622 2282 1764 2342 lites
1797 2282 2059 2342 subinde

318 2394 551 2448 exortae
603 2387 809 2446 dirimi
868 2393 1155 2467 possunt,
1214 2387 1323 2446 sed
1387 2407 1465 2446 ex
1511 2387 1897 2446 diversarum
1941 2405 2061 2445 usu

318 2490 631 2563 Gentium,
677 2497 741 2551 et
791 2511 866 2550 ex
918 2490 1306 2571 Scriptorum
1357 2490 1748 2578 auctoritate.
1844 2489 2061 2549 Potuit

316 2595 564 2675 quidem
606 2594 740 2655 fieri
777 2594 1117 2654 identidem
1162 2599 1236 2653 ut
1286 2615 1324 2653 a
1372 2593 1608 2654 nostris
1654 2593 1897 2673 legibus
1943 2592 2061 2653 Jus

319 2697 613 2760 Gentium
642 2698 1077 2759 confirmatum
1107 2698 1207 2769 sit,
1231 2698 1331 2758 vel
1366 2703 1618 2757 servatu
1645 2697 1886 2756 facilius
1915 2695 2054 2755 red-

319 2802 544 2874 datur3
592 2822 727 2882 quae
775 2802 1023 2882 quidem
1059 2801 1260 2881 Leges
1301 2822 1426 2861 non
1457 2822 1690 2861 novum
1720 2800 1837 2859 Jus
1867 2799 2059 2858 intro·
2142 2800 2144 2802 ’

318 2906 568 2967 duxisse
611 2915 963 2978 censentur,
1011 2907 1122 2967 sed
1165 2905 1374 2986 potius
1423 2903 1769 2966 declarasse
1810 2923 1882 2963 ea
1924 2921 2063 2982 quae

310 3010 442 3090 jam
471 3010 548 3070 ab
578 3010 832 3089 antiquo
869 3009 1102 3070 fuerint
1144 3009 1210 3068 in
1254 3009 1476 3088 Regno
1505 3014 1725 3067 nostro
1755 3004 2065 3064 libertatis

316 3112 738 3174 fundamenta.
806 3112 1008 3173 Nullis
1040 3112 1304 3192 denique
1332 3111 1636 3173 Gentibus
1664 3108 1857 3168 tribui
1879 3107 2064 3166 debet

319 3216 461 3276 laus
512 3215 919 3277 humanitatis
977 3217 1142 3297 apud
1201 3235 1354 3295 quas
1411 3214 1454 3274 J
1458 3233 1531 3274 us
1580 3211 1879 3273 Gentium
1935 3228 2063 3270 non

323 3318 408 3380 sit
435 3318 502 3378 in
529 3319 828 3381 honore.”

406 3422 666 3495 Deinde,
717 3424 961 3486 fortiori
1019 3424 1288 3504 quodam
1345 3426 1550 3502 pacto,
1605 3419 1646 3479 J
1648 3439 1722 3479 us
1770 3415 2063 3479 Gentium
