2236 3814
1075 207 1151 265 62

255 373 477 453 quibus
505 391 621 433 nos
659 371 930 443 utimur3
978 372 1150 451 cujus
1193 372 1384 432 verba
1425 391 1497 432 eo
1540 369 1747 465 pptius
1776 371 1981 432 valere

259 477 506 549 debent,
569 475 712 556 quia
782 474 1033 535 nonnisi
1094 473 1170 535 iis
1227 474 1527 554 neglectis
1583 473 1649 532 in
1704 493 1979 553 praeceps

255 579 492 638 ruerint
520 578 803 638 Athenae.
895 576 1212 650 sonamus,
1267 598 1303 638 a
1347 577 1659 637 nonnullis
1689 576 1981 637 Ecclesiae

255 682 565 753 Patribus,
611 701 724 760 pro
774 681 1107 760 prodromo
1166 685 1263 739 est
1317 679 1566 739 habitus
1613 676 1982 739 Christianae

255 784 617 864 Religionis,
665 783 837 862 cujus
885 783 1168 842 doctrina
1197 783 1265 842 eo
1310 781 1617 862 praecipue
1663 782 1984 860 spectabat

255 894 329 947 ut
356 888 422 946 in
449 887 619 947 falsis
647 885 928 946 terminis
958 887 1223 946 latentes
1255 886 1692 965 detegerentur
1722 902 1980 944 erroreS.

256 990 545 1050 Florente
588 988 803 1061 Roma,
835 989 1094 1068 ideoque
1139 988 1448 1068 corrupta,
1482 989 1696 1048 eadem
1724 987 1830 1047 illa
1859 988 1983 1048 duo

257 1099 557 1173 apparent
625 1093 899 1172 pericula
969 1113 1105 1172 quae
1168 1093 1301 1171 jam
1370 1098 1601 1151 nostrae
1656 1090 1984 1149 imminent

259 1195 561 1275 Europae3
607 1195 878 1274 pericula
926 1195 1176 1254 minime
1222 1195 1298 1254 ab
1355 1193 1618 1254 invicem
1663 1193 1980 1272 sejuncta;

257 1298 444 1358 falsos
490 1298 625 1358 dico
669 1297 966 1358 terminos
1016 1303 1078 1356 et
1134 1296 1519 1376 injustitiam.
1608 1296 1741 1356 Nec
1789 1296 1986 1355 solum

257 1402 423 1480 apud
458 1421 563 1460 eos
608 1400 713 1478 qui
764 1401 839 1459 de
886 1399 1162 1459 moribus
1215 1399 1598 1478 scripserunt
1639 1398 1773 1457 11000
1801 1398 1984 1458 habe-

257 1523 432 1563 mus:
464 1523 592 1562 non
622 1503 776 1562 alius
808 1509 904 1562 est
935 1522 1134 1562 sermo
1166 1522 1382 1562 eorum
1412 1502 1517 1580 qui
1543 1501 1988 1580 rempublicam

258 1608 574 1686 gerebant,
649 1606 753 1685 qui
837 1606 1217 1685 principibus
1300 1606 1541 1685 accepti
1611 1611 1807 1676 erant,
1883 1605 1989 1683 qui

256 1716 513 1790 poeseos
582 1710 829 1768 laudem
901 1708 1413 1787 adipiscebantur.
1530 1708 1593 1767 N
1596 1708 1987 1768 onnullorum

260 1813 562 1892 ejusmodi
589 1813 780 1874 verba
807 1812 1138 1891 proferam,
1178 1812 1328 1871 talia
1371 1811 1601 1872 etenim
1633 1817 1781 1871 sunt
1807 1811 1988 1871 nobis

259 1937 555 1996 perquam
585 1922 953 1996 opportuna.

346 2019 502 2080 CATO
522 2019 684 2080 cives
717 2039 860 2079 suos
890 2019 1130 2079 monuit
1150 2018 1379 2078 amissa
1398 2038 1548 2079 vera
1569 2017 1760 2078 fuisse
1781 2038 1989 2077 rerum
2018 2005 2020 2007 ¹

259 2123 580 2184 voeabula.
689 2120 925 2183 SENEOA
983 2122 1276 2182 admonet
1323 2121 1523 2201 Leges
1566 2120 1698 2200 jam
1749 2120 1990 2181 siluisse

261 2225 425 2304 apud
447 2244 551 2285 eos
582 2224 687 2304 qui
713 2246 824 2304 pro
847 2225 986 2303 jure
1017 2224 1367 2303 acciperent
1398 2224 1697 2303 quidquid
1735 2229 1990 2301 agerent

261 2327 710 2387 Moderatores.
798 2328 966 2385 Dum
997 2326 1240 2398 CICERO,
1275 2327 1389 2386 sub
1418 2325 1700 2386 Africani
1726 2324 1990 2404 persona

261 2430 539 2508 loquenS,
572 2429 710 2489 stilo
755 2429 849 2488 sui
895 2428 1164 2488 nominis
1212 2449 1339 2488 non
1380 2428 1658 2506 indigno,
1698 2427 1990 2487 describit

264 2531 411 2611 quid
439 2532 691 2591 tandem
721 2531 940 2591 debeat
970 2550 1104 2591 esse
1129 2529 1575 2602 Communitas,
1599 2530 1734 2590 haec
1761 2531 1985 2591 habet:

263 2634 410 2696 Non
454 2635 652 2695 solum
694 2633 1064 2713 Respublica
1103 2634 1316 2693 eadem
1346 2639 1443 2693 est
1490 2653 1563 2692 ac
1607 2633 1652 2693 J
1653 2632 1889 2705 ustitia,
1921 2639 1988 2694 at

264 2738 407 2799 vero
486 2736 736 2796 nonnisi
820 2757 932 2816 per
1018 2736 1061 2796 J
1062 2736 1341 2796 ustitiam
1413 2735 1644 2807 existit,
1733 2756 1991 2814 eamque

266 2860 586 2900 summam.
690 2839 880 2918 Apud
961 2839 1318 2910 VIRGILIUM,
1417 2839 1748 2899 tenebrosa
1824 2838 1990 2898 Ditis

264 2962 458 3023 regna
484 2962 774 3022 magnam
801 2961 1018 3002 vocem
1045 2941 1431 3019 ingeminant
1461 2938 1684 2999 Thesei
1703 2962 1806 3001 :—

466 3073 655 3122 Discite
671 3073 920 3136 justitiam
942 3073 1134 3134 moniti,
1159 3077 1211 3120 et
1232 3087 1334 3119 non
1357 3076 1575 3120 temnere
1598 3072 1764 3119 Divos.

352 3191 570 3272 Neque
599 3191 777 3252 aliter
803 3211 919 3253 nos
950 3192 1131 3252 docet
1160 3190 1382 3250 FLAOOI
1413 3208 1660 3249 carmen
1686 3212 1699 3249 ε

867 3350 879 3363 .
950 3313 1145 3374 Virtus,
1169 3312 1503 3378 populumque
1525 3312 1659 3360 falsis

1334 3389 1553 3436 Dedocet
1574 3389 1652 3436 uti

624 3466 855 3516 Vocibus.
