2236 3814
1194 220 1271 278 82

351 384 598 464 Angliae
685 383 934 443 tantum
1025 382 1526 443 Moderatoribus
1627 382 1869 442 solicita
1953 380 2090 442 esse

355 488 626 547 deberet.
718 488 895 547 Tunc
924 487 1130 546 nullus
1162 485 1565 557 contentioni,
1596 486 1802 545 nullus
1833 484 2087 545 difficul-

352 591 470 650 tati
499 592 673 651 locus
718 597 924 651 esset:
972 611 1172 670 neque
1224 589 1388 649 enim
1429 590 1664 650 valeret
1706 588 2089 649 Gubernium

349 694 681 774 Anglicum
750 694 912 754 bella
996 715 1211 773 gerere
1295 692 1530 764 illicita,
1604 692 2088 752 reclamantibus

351 797 645 857 Ecclesiae
693 797 1035 877 EpiscopiS,
1089 796 1456 877 Proceribus
1503 796 1982 856 reclamantibus
2027 801 2091 855 et

351 899 722 980 Deputatis3
770 921 1012 960 necnon
1064 899 1355 960 universa
1382 899 1876 979 Anglicanorum
1908 898 2087 959 Gom-

350 1005 655 1065 munitate
684 1011 977 1076 testante,
1022 1026 1150 1064 non
1196 1004 1456 1083 amplius
1506 1003 1637 1082 geri
1670 1003 1901 1062 ,debere
1929 1003 2091 1062 bella

348 1107 564 1167 illicita
622 1115 811 1187 atque
869 1108 1120 1187 injusta.
1209 1107 1382 1168 Nihil
1437 1108 1503 1166 in
1559 1105 1673 1165 hac
1730 1128 1797 1166 re
1854 1107 2090 1166 valeret

354 1210 571 1284 Gallia,
596 1212 749 1270 nihil
779 1212 1056 1283 Austria,
1082 1232 1195 1271 nec
1219 1211 1538 1281 Borussia,
1560 1231 1676 1270 nec
1694 1209 1905 1280 Italia;
1937 1209 2091 1267 nihil

351 1335 566 1374 omnes
613 1322 920 1395 quotquot
972 1321 1119 1374 sunt
1167 1315 1363 1374 exteri
1402 1314 1589 1373 etiam
1637 1313 1702 1371 in
1744 1334 1939 1371 unum
1970 1313 2089 1372 col-

348 1418 528 1477 lecti:
578 1439 655 1477 ne
698 1440 810 1497 per
852 1419 1170 1478 tantillum
1223 1418 1472 1497 quidem
1500 1417 1819 1497 temporis,
1851 1437 1964 1476 nec
1992 1417 2092 1476 vel

349 1520 605 1579 minimo
646 1527 985 1592 momentO,
1018 1521 1386 1600 perturbare
1415 1521 1695 1580 valerent
1723 1520 1822 1579 vel
1851 1519 2092 1579 afficere

347 1624 528 1683 istius
562 1624 857 1684 Ecclesiae
898 1624 1241 1703 judicium3
1288 1645 1488 1703 neque
1531 1623 1675 1684 Vero
1721 1644 2092 1703 quemquam

349 1728 587 1798 exinde,
619 1728 740 1786 nisi
768 1728 1051 1788 fortassis
1081 1728 1396 1799 indirecte,
1433 1729 1734 1788 sentirent
1764 1727 2070 1788 effectum.

433 1830 783 1909 Anglicana
856 1831 1082 1910 quippe
1171 1831 1473 1903 Ecclesia,
1546 1830 1715 1889 haud
1787 1829 1961 1890 secus
2020 1851 2092 1890 ac

349 1933 591 1993 Feciale
621 1934 1044 1993 Romanorum
1076 1923 1439 2013 Collegium,
1473 1935 1554 1993 ad
1596 1955 1785 1993 unam
1814 1939 2090 1993 tantum-

348 2038 529 2097 modo
558 2044 800 2117 partem
829 2038 1162 2117 respiceret
1187 2060 1202 2108 ;
1251 2038 1331 2097 ad
1367 2058 1511 2098 suos
1554 2059 1776 2117 nempe
1805 2037 2090 2097 Modera-

346 2148 535 2201 tores.
671 2140 754 2213 Si,
832 2141 1097 2221 exempli
1182 2141 1400 2221 gratia,
1478 2143 1554 2201 de
1625 2142 1801 2201 Bello
1874 2148 2093 2201 contra

347 2246 672 2305 Austriam
729 2246 998 2306 ineundo
1058 2253 1367 2325 ageretur,
1431 2247 1508 2305 de
1564 2246 1788 2325 Anglis
1845 2247 2092 2305 tantum

341 2350 620 2428 judicare
661 2350 950 2420 deberet3
1000 2350 1220 2428 quibus
1278 2350 1330 2408 si
1367 2350 1472 2428 jus
1525 2349 1778 2420 faveret,
1813 2349 2092 2430 Ecclesia

352 2458 516 2511 esset
543 2453 755 2513 libera.
845 2453 940 2517 De
993 2451 1270 2511 Ecclesia
1305 2451 1582 2511 Romana
1626 2452 1744 2512 hoc
1775 2452 1893 2511 dici
1920 2453 2089 2513 nullo

350 2556 535 2614 modo
565 2554 816 2634 poterit.
909 2554 1124 2615 Scelus
1174 2577 1249 2615 ex
1301 2555 1595 2614 utralibet
1644 2562 1822 2635 parte
1855 2556 2091 2635 pariter

351 2659 494 2718 huic
524 2658 819 2718 Ecclesiae
849 2658 1263 2738 imputaretur
1297 2681 1309 2718 ε
1358 2680 1557 2738 neque
1601 2659 1765 2718 enim
1811 2659 1863 2718 si
1913 2658 2095 2719 alteri

350 2761 514 2842 parti
556 2762 661 2840 jus
719 2760 903 2831 favet,
965 2761 1145 2821 alteri
1203 2763 1589 2834 adversatur,
1638 2762 1833 2822 libera
1883 2765 2092 2824 evadit

351 2864 651 2924 Ecclesia.
740 2863 830 2924 Ut
873 2865 1337 2943 reprehensioni
1369 2886 1434 2925 se
1466 2865 1791 2924 subtrahat
1821 2885 1897 2924 ex
1924 2866 2090 2926 utra-

351 2990 469 3049 que
499 2975 678 3048 parte
709 2974 874 3027 stare
915 2969 1099 3027 debet
1120 2968 1369 3048 justitia
1398 2990 1414 3039 3
1464 2969 1630 3047 quod
1661 2969 1804 3028 sane
1834 2971 2091 3048 prorsus

349 3073 705 3152 impossible
736 3078 850 3132 est.
941 3071 1245 3146 Quocirca
1288 3072 1558 3151 effugere
1586 3072 1803 3151 nequit
1831 3073 1953 3133 nisi
1981 3094 2093 3154 per

341 3176 642 3255 judicium
694 3175 1033 3235 ferendum.
1121 3174 1327 3234 Primo
1375 3175 1622 3254 quidem
1666 3175 1960 3236 Ecclesiae
1998 3156 2091 3236 in-

353 3279 589 3339 cumbit
619 3279 695 3339 de
723 3279 860 3359 ipso
892 3279 1069 3340 Bello
1090 3278 1392 3358 judicium
1422 3278 1616 3338 ferre:
1665 3299 1786 3358 quo
1815 3286 2090 3359 peract0‚

350 3401 497 3462 pars
543 3387 877 3442 contumax
920 3380 1556 3444 excommunicatione
1606 3389 1704 3442 est
1740 3383 2089 3462 plectenda,
