2236 3814
1035 245 1112 303 37

211 412 408 473 Danis
458 418 520 471 et
569 410 838 490 Europae
884 409 1330 489 imponeretur,
1380 418 1601 471 auctor
1651 411 1770 471 fuit
1820 411 1957 494 ipsa

209 517 462 598 Anglia.
552 514 747 575 Aliud
790 515 995 574 foedus
1027 513 1297 574 Londini
1326 514 1570 586 initum,
1605 517 1702 576 die
1732 525 1954 579 octavo

207 621 360 682 Maii
420 620 603 692 1852,
665 619 1078 700 protocollum
1136 617 1554 678 Varsoviense
1624 640 1955 701 concorpo-

209 727 392 799 ravit,
445 727 577 807 jam
653 724 1066 786 constitutum
1134 722 1502 804 praedicans,
1559 744 1745 803 seque
1803 726 1958 785 nihil

211 832 414 891 adhuc
462 830 579 890 sibi
605 830 763 889 Velle
808 828 926 887 nisi
973 834 1045 887 ut
1085 827 1496 908 protocollum
1538 827 1709 887 istud
1757 850 1794 887 a
1822 830 1959 888 tota

211 933 462 1014 Europa
508 932 871 994 sanciretur.
963 930 1101 1006 Quo
1146 931 1331 1003 factO,
1380 931 1715 1012 Deputatis
1763 933 1957 993 Danis

207 1037 372 1097 idem
402 1037 626 1109 foeduS,
661 1037 836 1117 quasi
867 1037 1135 1116 Europae
1165 1036 1472 1096 universae
1516 1039 1953 1111 necessarium,

208 1142 602 1223 propositum
676 1147 788 1202 est.
922 1139 1163 1200 Iterum
1248 1140 1598 1218 iterumque
1684 1142 1955 1203 dimissis

210 1245 563 1326 Deputatis,
618 1244 989 1324 rursumque
1050 1245 1427 1317 convocatiS,
1481 1246 1649 1325 leges
1703 1246 1956 1308 Danicae

208 1356 467 1410 mutatae
517 1355 683 1421 sunt,
717 1370 788 1409 ac
817 1349 1076 1429 proinde
1119 1349 1237 1408 hoc
1278 1349 1478 1410 foedus
1511 1351 1682 1411 Juris
1727 1352 1957 1413 habere

210 1455 399 1536 coepit
426 1454 722 1535 vigorem.

295 1560 451 1620 Haec
482 1560 691 1620 omnia
727 1581 798 1619 eo
830 1559 1180 1619 accuratius
1225 1560 1548 1619 referenda
1578 1561 1954 1634 censuimus,

213 1664 377 1746 quod
421 1687 497 1726 ex
539 1665 658 1724 hoc
705 1665 960 1744 negotio
1015 1671 1166 1744 (quo
1224 1665 1378 1723 nihil
1422 1664 1648 1724 tetrius
1701 1673 1813 1725 aut
1862 1666 1953 1726 in-

214 1768 475 1850 sanius,)
505 1775 644 1830 orta
674 1775 790 1840 est,
823 1767 992 1827 nulla
1021 1789 1089 1828 re
1112 1768 1558 1840 intercedente,
1591 1770 1724 1830 haec
1747 1793 1956 1831 rerum

214 1875 536 1936 conversio
565 1875 631 1933 in
663 1873 782 1954 qua
817 1874 1203 1954 jactitamur.

295 1969 392 2040 Ea
435 1999 572 2060 quae
614 1979 779 2038 inter
821 1978 1035 2038 Danos
1082 1985 1220 2038 acta
1266 1979 1552 2051 diximus,
1599 1979 1768 2040 intra
1795 1981 1958 2040 illius

214 2083 418 2165 gentis
464 2083 766 2143 ambitum
812 2080 1217 2162 quinquennii
1261 2103 1512 2142 cursum
1563 2083 1952 2145 habuerunt:

213 2210 290 2249 ex
349 2188 553 2248 edicto
630 2188 791 2246 enim
863 2187 1008 2246 anni
1081 2189 1267 2258 1846,
1343 2208 1543 2267 usque
1601 2189 1679 2247 ad
1752 2189 1955 2249 foedus

212 2292 650 2362 Varsoviense,
714 2290 861 2350 anni
921 2291 1120 2361 18513
1198 2291 1418 2350 exinde
1478 2291 1745 2351 civitatis
1805 2293 1958 2353 fines

213 2403 677 2478 praetergressa,
702 2416 814 2475 per
834 2395 1182 2474 quindecim
1204 2416 1400 2455 annos
1426 2395 1746 2476 Europam
1777 2417 1951 2476 pera-

214 2507 497 2582 grarunt,
530 2522 568 2561 a
597 2500 828 2560 foedere
857 2499 1264 2560 Varsoviensi
1306 2521 1503 2580 usque
1549 2502 1626 2560 ad
1656 2502 1957 2581 praelium,

214 2627 376 2666 anno
415 2605 600 2677 1866,
645 2603 926 2666 Sadowae
958 2604 1355 2664 dimicatum:
1414 2611 1476 2664 et
1508 2604 1708 2677 simul,
1744 2608 1959 2667 eodem

213 2710 516 2790 temporis
562 2709 912 2780 inter-valle,
945 2709 1011 2768 in
1042 2708 1226 2771 Italia
1265 2709 1676 2789 colligebatur
1714 2711 1956 2783 messis,

213 2835 326 2894 per
370 2814 794 2895 apographam
835 2813 1005 2872 illam
1057 2814 1206 2873 anni
1254 2811 1438 2886 1847,
1488 2821 1550 2873 et
1594 2835 1631 2873 a
1666 2815 1960 2877 missione

214 2918 466 2979 Domini
509 2919 733 2991 MintO,
770 2917 1091 2979 seminata.
1181 2918 1388 2979 Variae
1442 2919 1688 2998 quidem
1742 2920 1961 2981 Russis

215 3024 430 3084 adesse
452 3030 748 3104 poterant
771 3043 972 3083 causae
997 3044 1108 3083 cur
1130 3023 1377 3084 Italiam
1406 3023 1815 3103 impeterent:
1850 3025 1959 3084 foe-

217 3129 489 3189 cundum
519 3128 719 3188 Italiae
767 3128 968 3188 solum
1010 3149 1137 3189 non
1166 3129 1382 3209 paucis
1420 3149 1634 3187 earum
1664 3129 1962 3189 mercium

214 3232 555 3292 vendendis
576 3232 884 3304 obstabat,
909 3253 1045 3311 quae
1064 3233 1289 3292 Russis
1313 3251 1426 3312 pro
1446 3230 1694 3291 fortuna
1713 3239 1922 3292 essent
1943 3256 1959 3305 3

218 3335 428 3407 immo,
481 3336 590 3395 uni
642 3335 908 3407 cuidam,
950 3326 1179 3416 magno
1210 3334 1424 3395 revera
1477 3341 1610 3394 erat
1649 3337 1958 3415 periculo:

221 3438 382 3500 sicut
413 3445 476 3499 et
520 3440 685 3512 olim,
724 3462 1019 3521 magnam
1067 3440 1453 3501 occasionem
1499 3440 1794 3519 praestitit
1826 3447 1961 3508 tum
