2236 3814
1038 252 1113 313 73

211 419 766 481 administrationis
799 440 1086 480 Amorem:
1135 439 1337 498 neque
1382 419 1546 478 enim
1594 418 1955 480 Constanti-

209 523 440 604 nopoli,
475 525 636 585 siout
677 524 932 585 Parisiis
963 524 1058 584 ve]
1090 523 1372 595 Viennae,
1406 543 1569 582 unus
1603 529 1664 583 et
1695 524 1852 584 alter
1883 523 1960 582 de

210 629 379 688 omni
406 650 474 689 re
504 627 962 710 constituunt.''

295 733 448 794 Haeo
493 734 789 794 Romanae
841 731 1401 793 administrationis
1445 730 1606 790 ratio
1656 731 1732 790 ab
1779 728 1958 789 initio

211 837 500 897 omnibus
541 838 659 897 fuit
706 837 1080 899 communis:
1143 837 1208 896 in
1243 835 1359 896 h‘c‘io
1398 857 1466 896 re
1511 834 1780 895 Romani
1823 841 1959 893 tan-

208 939 344 1000 tum
407 942 632 1002 imitati
696 949 844 1010 sunt
916 942 1206 1021 antiquas
1283 939 1537 1022 Gentes,
1612 938 1961 1020 praesertim

210 1044 534 1106 Etruscos.
622 1046 757 1106 Neo
789 1046 970 1107 aliter
1016 1045 1233 1107 revera
1270 1046 1336 1105 in
1380 1045 1560 1126 praxi
1604 1051 1800 1124 agunt
1829 1045 1959 1103 An·
2044 1109 2048 1114 K

211 1148 315 1228 gh.
406 1149 483 1208 In
518 1149 748 1230 Angli&
795 1150 1027 1210 etenim
1073 1171 1202 1210 non
1241 1149 1358 1209 alia
1386 1149 1629 1209 ratione
1656 1147 1961 1228 judicium

210 1253 528 1334 privatum
577 1254 906 1327 dirimitur,
952 1255 1061 1314 ubi
1103 1255 1205 1316 vel
1254 1253 1642 1315 Gubernium
1684 1254 1784 1313 vel
1827 1253 1961 1332 ipse

213 1357 351 1418 Rex
382 1359 616 1420 actoris
659 1366 873 1440 partes
924 1360 1109 1440 gerit,
1157 1381 1229 1420 ao
1278 1360 1332 1420 si
1383 1359 1548 1419 inter
1590 1359 1818 1419 idiotas
1862 1377 1963 1417 res

213 1469 479 1542 agatur3
541 1463 829 1544 idemque
859 1464 931 1523 fit
970 1464 1079 1523 ubi
1113 1465 1214 1524 vel
1259 1462 1640 1524 Gubernium
1683 1463 1784 1522 vel
1827 1461 1964 1521 Rex

212 1567 367 1647 ipse,
421 1588 566 1627 reus
618 1568 730 1627 fiat
782 1589 858 1628 ex
900 1568 1202 1648 petitione
1249 1568 1496 1627 idiotae:
1554 1566 1767 1627 eadem
1798 1565 1962 1626 enim

210 1673 463 1734 ratione
523 1694 738 1734 omnes
797 1680 1009 1754 partes
1069 1695 1106 1733 a
1154 1673 1364 1753 judice
1421 1678 1796 1743 tractantur,
1858 1670 1964 1750 qui

216 1772 517 1835 Gubernii
547 1776 818 1856 Regisve
862 1783 1040 1836 aetus
1084 1777 1399 1836 trutinans
1439 1776 1811 1836 sententiam
1842 1774 1965 1834 fert

213 1899 328 1959 pro
374 1886 556 1960 parte
606 1879 922 1952 alterutra,
967 1881 1150 1960 juxta
1200 1901 1300 1940 res
1349 1887 1559 1961 gestas
1609 1886 1671 1940 et
1722 1879 1963 1959 Legum

217 1982 554 2043 cautiones.

299 2085 362 2146 N
363 2107 432 2146 eo
463 2086 581 2145 alia
618 2087 862 2147 ratione
893 2088 1194 2167 judicium
1238 2088 1436 2149 fertur
1481 2088 1724 2167 quoties
1770 2087 1847 2146 de
1889 2086 1964 2145 iis

216 2189 418 2249 modis
470 2191 696 2270 agendi
749 2192 1048 2271 quaeritur
1096 2193 1318 2272 quibus
1356 2192 1517 2252 Belli
1558 2213 1787 2251 nomen
1829 2211 1966 2271 per-

216 2314 431 2373 peram
480 2294 765 2356 additur:
818 2296 1060 2375 quoties
1091 2296 1381 2357 videlieet
1410 2297 1509 2356 vel
1537 2296 1780 2375 Angliae
1827 2294 1968 2354 sub-

219 2398 386 2459 ditos
418 2400 760 2480 attingunt,
793 2401 893 2460 vel
933 2405 1288 2460 exterarum
1336 2399 1694 2472 Civitatu'm‚
1729 2406 1792 2459 et
1824 2404 1972 2458 sunt

217 2504 523 2584 ejusmodi
551 2511 623 2564 ut
655 2506 731 2565 de
760 2505 834 2565 iis
863 2505 1005 2565 lites
1027 2506 1587 2585 jure'moveantur.

303 2607 608 2688 Tempore
655 2609 848 2668 Primi
881 2609 1042 2670 Belli
1087 2609 1252 2669 inter
1286 2608 1580 2670 Sinenses
1618 2615 1682 2669 et
1710 2609 1972 2688 Anglos,

217 2711 295 2771 lis
327 2712 610 2791 quaedam
654 2719 872 2773 exorta
913 2719 1010 2773 est
1053 2720 1312 2794 propter
1343 2734 1441 2773 res
1474 2719 1686 2793 gestas
1718 2734 1754 2772 a
1784 2712 1974 2792 copiis

219 2815 630 2888 militaribus3
679 2823 757 2897 ⁴et
809 2818 886 2877 de
939 2838 1011 2877 eo
1057 2819 1315 2898 praecise
1375 2818 1495 2877 fuit
1544 2818 1972 2898 judicandum,

220 2918 433 2979 utrum
465 2941 600 3000 quae
631 2927 813 3001 gesta
858 2928 1006 2981 sunt
1045 2944 1160 3003 pro
1206 2923 1367 2982 bello
1404 2922 1682 3002 legitimo
1718 2926 1976 3000 possent

223 3022 457 3084 haberi.
549 3023 854 3085 Omnibus
887 3026 1102 3086 eadem
1135 3025 1445 3087 sententia
1487 3025 1606 3084 fuit
1641 3023 1974 3103 judicibus,

223 3127 459 3186 ‘nullum
489 3129 775 3190 eoestitisse
807 3131 1022 3190 bellum
1054 3131 1398 3209 Zeyitimum.

309 3228 441 3289 Neo
484 3230 1032 3314 aliter'respondit
1074 3234 1346 3314 inclytus
1385 3230 1838 3301 MansfieldiuS‚
1870 3228 1979 3287 ubi

229 3331 306 3392 de
351 3332 592 3412 injuria,
626 3334 825 3397 Danis
869 3338 1241 3417 quibusdam
1285 3358 1322 3396 a
1368 3335 1681 3397 Gubernio
1711 3333 1978 3413 Anglioo

230 3434 432 3508 allata,
468 3436 944 3519 disceptaretur.
1035 3441 1213 3502 Dixit
1265 3440 1484 3520 aliquis
1535 3439 1742 3501 omnia
1789 3437 1980 3498 fuisse

1156 3563 1199 3604 K
