2236 3814
1084 201 1204 261 108

273 371 572 438 mentum,
628 385 815 446 super
866 367 1034 447 quod
1084 367 1349 447 amplius
1400 366 1725 427 aedificium
1774 368 2010 449 poterit

276 469 450 550 erigi.
537 469 678 531 Hoc
709 476 981 552 systema
1019 492 1096 531 ex
1139 470 1242 530 illa
1284 471 1518 552 incepit
1562 471 1837 551 periodo,
1871 493 2006 552 quae

270 573 686 653 legationibus
706 575 1212 655 permanentibus
1232 575 1567 635 antecessit
1586 596 1603 646 3
1639 574 1757 654 qua
1784 596 2007 655 nempe

271 677 337 736 in
354 678 625 757 period0‚
647 685 798 739 tunc
823 679 1130 738 duntaxat
1159 679 1240 738 ad
1268 679 1531 739 invicem
1555 679 2007 739 communicare

273 782 554 842 solebant
599 780 851 854 Gentes,
886 782 1127 862 quando
1172 782 1400 862 aliquid
1439 783 1749 862 agendum
1793 803 2005 843 occur-

266 891 454 956 reret,
479 905 595 945 nec
623 907 735 966 per
765 885 1110 946 subsistens
1142 887 1597 959 commercium,
1626 907 1869 967 semper
1898 887 2004 947 ali-

264 988 414 1068 quid
443 989 542 1048 cui
572 1009 825 1069 operam
856 991 1096 1063 darent,
1128 989 1196 1049 in
1225 997 1521 1071 promptu
1550 997 1701 1051 erat.

347 1092 408 1151 A
436 1092 800 1172 Byzantinis
832 1093 1175 1153 derivatam
1215 1093 1514 1153 habemus
1545 1094 1998 1171 Diplo‘matiam.

260 1195 653 1255 Vocabulum
681 1196 852 1256 istud
881 1197 1188 1276 significat
1220 1203 1258 1229 ‘⁶
1280 1196 1724 1277 duplicatum,''
1761 1204 1825 1257 et
1850 1198 2004 1257 illud

264 1320 491 1359 munus
524 1301 780 1360 denotat
811 1302 995 1380 quod,
1031 1301 1135 1380 qui
1178 1307 1444 1373 exercet,
1486 1321 1603 1361 nos
1643 1307 1682 1332 ‘⁶
1707 1301 2001 1362 archivis-

264 1408 396 1461 tam
422 1401 457 1427 ''
502 1404 810 1483 appellare
852 1404 1138 1464 solemus
1226 1405 1370 1466 Vox
1413 1405 1494 1465 ad
1540 1403 2002 1466 Conventiones

266 1505 591 1584 spectabat
629 1506 695 1566 in
739 1513 879 1567 acta
916 1508 1290 1587 redigendas
1312 1530 1328 1580 3
1391 1529 1592 1588 neque
1640 1508 1806 1569 enim
1847 1515 2001 1570 tunc

261 1609 560 1689 temporis
590 1610 945 1690 agitabatur
989 1612 1065 1672 de
1109 1612 1510 1673 mandatariis
1540 1612 1606 1671 in
1634 1611 2000 1692 unaquaque

265 1712 530 1774 Civitate
575 1716 974 1789 sustinendis,
1019 1717 1123 1796 qui
1167 1717 1455 1778 omnibus
1488 1717 1760 1797 quotidie
1791 1738 1856 1779 se
1886 1718 1998 1777 im-

260 1818 592 1878 miscerent
627 1820 915 1900 negotiis.

343 1923 434 1982 At
452 1925 797 1984 notandum
822 1931 938 1998 est,
958 1926 1177 2006 procul
1201 1947 1237 1986 a
1258 1925 1439 1986 nobis
1462 1945 1598 1986 esse
1615 1931 1689 1985 ut
1706 1925 1999 1987 Pontifex

258 2034 502 2107 partem
554 2035 758 2089 sumat
814 2029 881 2089 in
929 2029 1049 2091 hoc
1102 2036 1440 2111 systemate
1491 2037 1622 2090 tam
1669 2030 1884 2091 odioso
1934 2037 1999 2091 et

258 2134 536 2195 malefico
558 2156 574 2206 3
609 2134 854 2194 omnino
879 2156 912 2195 e
935 2155 1257 2208 converSO‚
1281 2136 1567 2196 volumus
1590 2141 1664 2195 ut
1689 2157 1830 2196 cum
1848 2135 1997 2215 quid

262 2236 344 2296 sit
381 2245 738 2316 cognoscat,
775 2239 1170 2319 deceptiones
1215 2239 1383 2300 iHinc
1428 2246 1675 2300 exortas
1710 2239 1998 2299 frustrari

258 2339 478 2419 possit,
511 2340 805 2420 falsisque
847 2361 912 2401 se
948 2349 1223 2421 opponat
1251 2342 1572 2422 principiis
1605 2363 1742 2420 quae
1773 2342 1994 2402 exinde

257 2451 638 2523 generantur
668 2453 731 2505 et
761 2466 1023 2524 quorum
1054 2466 1169 2525 ope
1201 2445 1649 2505 sustinentur.*

340 2548 694 2608 Academiae
716 2549 1168 2609 Ecclesiasticae
1199 2550 1528 2628 adjunctus
1561 2555 1657 2609 est
1678 2569 1993 2610 ramuscu-

259 2652 358 2711 lus
392 2652 663 2731 quidam,
689 2653 788 2714 cui
816 2652 1213 2733 Diplomatiae
1236 2652 1438 2714 Sacrae
1457 2674 1683 2714 nomen
1702 2652 1991 2727 inditum,

261 2756 340 2815 ad
358 2756 559 2816 instar
588 2757 921 2838 Byzantini
954 2756 1229 2838 Collegii.
1292 2757 1717 2819 Concordatas
1737 2758 1990 2819 studen-

323 2921 354 2952 *
389 2920 579 2968 Russus
603 2921 803 2984 quidam
843 2938 870 2969 e
907 2921 1201 2984 proceribus,
1228 2926 1278 2969 et
1313 2922 1529 2969 externis
1553 2921 1826 2968 Russorum
1848 2937 1992 2984 nego-

253 2996 338 3045 tiis
362 2998 479 3045 olim
502 2999 803 3062 praepositus,
829 2999 884 3045 in
907 2999 1032 3046 libro
1057 2999 1137 3046 cui
1159 3015 1339 3046 nomen
1366 3003 1395 3027 “
1413 2999 1486 3045 La
1517 2997 1861 3061 Diplomatie‚’'
1884 2997 1988 3046 haec

255 3073 404 3123 habet
424 3093 434 3123 ε
470 3079 502 3103 “
520 3075 725 3139 Ooncipi
746 3092 847 3124 non
869 3080 1031 3140 potest
1053 3092 1150 3139 quo
1173 3076 1317 3123 modo
1346 3075 1529 3124 Gentes
1553 3075 1718 3122 sinant
1741 3075 1801 3122 de
1823 3091 1875 3122 se
1897 3075 1993 3123 dis-

256 3152 376 3215 poni
415 3153 477 3200 ab
512 3152 806 3213 hominibus,
843 3154 991 3201 aliam
1029 3153 1325 3201 habentibus
1364 3152 1711 3201 conscientiam
1751 3156 1802 3200 et
1834 3152 1988 3201 alium
2055 3188 2064 3197 .

256 3228 454 3290 Deum3
488 3230 636 3293 idque
675 3247 776 3280 non
812 3233 942 3280 mere
983 3231 1120 3279 nullo
1161 3247 1273 3279 cum
1307 3231 1508 3279 horrore
1544 3235 1594 3278 et
1627 3235 1779 3290 metu,
1815 3231 1988 3278 verum

255 3305 406 3352 etiam
441 3307 580 3369 quasi
595 3307 791 3370 justum
813 3309 940 3357 foret
964 3312 1015 3358 et
1048 3307 1472 3358 consentaneum.’'
1542 3307 1667 3356 Haec
1691 3322 1821 3356 anno
1861 3307 1990 3356 1826

251 3382 526 3447 conscripta
557 3387 703 3435 sunt!
