2236 3814
1111 243 1231 302 109

296 409 408 470 das
453 407 572 469 sibi
613 408 906 490 proponit
932 408 1002 469 ¹et
1043 408 1110 477 in
1140 416 1282 470 acta
1318 410 1711 490 redigendas,
1746 418 1808 472 et
1838 413 2039 473 omnis

297 513 465 593 quod
493 509 617 573 huc
646 513 835 574 faciat
867 514 908 574 J
908 514 1040 574 uris
1073 514 1417 574 scientiam.
1508 514 1608 574 Ibi
1635 516 2039 576 instruuntur

295 616 525 678 Nuntii
553 624 628 678 ut
653 618 794 699 apte
827 618 955 679 suis
976 618 1153 699 fungi
1175 619 1420 699 possint
1442 621 1823 680 muneribus
1901 622 2039 681 Hoc

293 743 370 783 ex
401 721 697 803 Collegio,
729 723 1002 783 naturali
1031 723 1298 804 quadam
1329 723 1648 796 divisione,
1691 724 1870 785 fieret
1906 724 2036 785 Gol-

293 827 510 907 Zeqium
552 829 941 908 Diplomatioe
996 828 1342 902 Soecularis‚
1387 829 1454 888 in
1512 851 1634 910 quo
1692 829 2035 911 principem

288 931 496 994 locum
532 933 843 994 obtineret
893 933 938 994 J
938 933 1404 1015 urisprudentia
1449 940 1513 995 et
1553 935 1595 995 J
1597 955 1671 996 us
1717 933 2032 996 Gentium.

288 1035 410 1109 Ita,
449 1036 718 1097 maxima
759 1058 903 1098 cum
951 1038 1347 1119 simplicitate
1389 1045 1453 1099 et
1488 1039 1672 1119 juxta
1716 1045 2032 1111 naturam,

287 1162 389 1204 res
419 1149 747 1223 ageretur;
780 1163 983 1224 neque
1001 1149 1216 1204 tamen
1238 1144 1459 1224 nequit
1489 1144 1668 1204 aliter
1688 1144 1807 1224 agi.
1878 1144 2036 1205 Haec

290 1247 498 1308 studia
553 1247 1002 1328 proprietatem
1058 1268 1187 1308 non
1244 1247 1627 1319 admittunt3
1683 1247 2037 1308 communia

289 1357 435 1412 sunt
453 1351 723 1432 cujusvis
746 1351 1092 1423 hominum,
1114 1352 1381 1412 maxime
1402 1352 1533 1432 ejus
1555 1351 1661 1432 qui
1683 1352 1835 1412 alios
1855 1352 2034 1412 insti-

287 1461 466 1517 tuere
489 1457 739 1518 debeat.
818 1455 1035 1517 Officia
1064 1456 1344 1537 pendent
1374 1478 1411 1516 a
1441 1457 2037 1517 circumstantiis.—

290 1559 450 1621 Cum
478 1562 760 1622 nondum
789 1561 1140 1642 frequentia
1171 1567 1383 1622 essent
1411 1561 1645 1641 injusta
1687 1561 1867 1631 bella,
1900 1580 2031 1620 non

289 1685 446 1746 opus
465 1672 601 1726 erat
618 1672 691 1726 ut
708 1665 879 1727 hisce
906 1666 1150 1738 studiis,
1171 1672 1394 1747 utpote
1415 1664 1765 1747 superfluis,
1791 1665 2033 1724 incum-

285 1771 568 1842 beretur3
618 1776 684 1830 at
728 1770 874 1832 vero
927 1770 1143 1831 eadem
1191 1769 1323 1850 jam
1370 1770 1634 1830 maxime
1685 1769 2035 1830 necessaria

287 1880 437 1935 sunt
485 1874 817 1955 unicuique
878 1873 983 1954 qui
1048 1873 1446 1935 conscientiae
1506 1873 1790 1954 regimen
1856 1873 2033 1953 sequi

284 1978 456 2052 velit,
489 1979 610 2040 hoc
643 1978 994 2060 praesertim
1033 1984 1340 2059 tempore,
1367 1978 1474 2037 ubi
1501 1999 1684 2038 nemo
1719 1978 1837 2038 scit
1867 1979 2034 2038 unde

282 2083 633 2163 legitimum
703 2083 815 2144 fiat
899 2084 1153 2156 bellum,
1233 2104 1304 2144 ac
1367 2083 1475 2143 ubi
1531 2082 1794 2164 proinde
1866 2083 2032 2143 bella

281 2186 518 2260 illicita,
578 2188 825 2249 nemine
885 2189 1177 2250 obstante
1241 2195 1568 2269 geruntur,
1628 2186 1878 2247 nemine
1935 2208 2031 2247 re-

285 2292 613 2353 clamante.

365 2395 736 2458 Instruendi
781 2404 928 2459 sunt
969 2397 1249 2460 universi
1294 2399 1668 2460 sacerdotes.
1775 2398 2032 2459 Adsunt

252 2501 496 2561 'multae
542 2500 947 2581 Regularium
979 2499 1478 2562 Communitates
1531 2501 1756 2581 quibus
1801 2502 2031 2583 praesto

282 2612 431 2667 sunt
460 2606 805 2667 auctoritas
830 2613 894 2666 et
919 2606 1170 2668 devotio
1194 2628 1211 2678 ;
1244 2606 1408 2679 libri,
1433 2613 1497 2667 et
1528 2606 1727 2667 otium
1755 2607 2026 2688 legendi.

282 2709 576 2771 Infinitas
619 2710 811 2771 habet
855 2731 1007 2791 opes
1067 2710 1352 2772 Ecclesia
1419 2711 1722 2784 Romana,
1770 2712 2028 2773 simulac

281 2820 665 2895 agnoscatur
696 2813 1023 2875 intellectu
1067 2813 1490 2875 dimicandum
1520 2835 1658 2875 esse
1688 2821 1907 2875 contra
1934 2816 2028 2874 in-

279 2918 515 2992 fideles,
569 2925 789 2980 contra
847 2917 1176 2980 Societatis
1236 2920 1639 2992 eversionem,
1702 2926 1765 2980 et
1810 2927 2029 2981 contra

281 3045 498 3086 eorum
525 3023 804 3098 insidias,
840 3024 946 3105 qui
983 3024 1155 3085 hisce
1183 3030 1436 3086 utentes
1467 3023 1737 3098 astutiis,
1771 3044 2026 3106 corrup-

279 3128 517 3191 tionem
547 3129 805 3191 student
833 3150 1204 3211 propagare.
