2236 3814
1055 276 1133 333 41

235 438 450 510 videri,
482 460 611 499 non
640 439 841 499 minus
871 446 1083 500 tamen
1131 446 1227 499 est
1256 444 1473 500 verum
1498 464 1514 512 3
1563 464 1639 502 ex
1669 444 1975 515 omnibus,

237 562 373 622 quae
403 525 603 623 nuper
630 543 754 603 icta
799 550 965 614 sunt,
998 543 1354 615 foederibus,
1387 565 1466 603 ne
1509 566 1705 604 unum
1736 547 1980 625 quidem

235 645 570 720 invenitur,
603 647 829 708 celebri
858 647 964 707 illo
982 647 1326 707 Viennensi
1353 667 1479 707 non
1511 655 1789 728 exceptO,
1817 651 1982 729 quod

235 751 600 812 inviolatum
631 751 1078 832 permanserit3
1127 751 1278 811 adeo
1309 757 1381 810 ut
1401 752 1533 831 jam
1562 753 1817 811 tandem
1845 752 1981 833 ipsa

235 855 468 916 foedera
510 877 622 936 pro
666 857 766 916 lue
811 861 1137 935 grassante
1166 856 1284 927 vel,
1316 862 1389 915 ut
1425 855 1618 927 aiunt,
1651 877 1765 936 pro
1795 856 1979 917 mias-

233 966 402 1019 mate
433 961 700 1039 quodam
728 960 1137 1019 habeantur.*
1246 959 1394 1020 Non
1444 960 1706 1040 amplius
1752 960 1978 1020 intelli-

233 1062 499 1141 gebatur
557 1069 828 1143 quantus
900 1062 1258 1135 foederibuS,
1322 1063 1483 1123 sicut
1556 1064 1980 1124 contractibus

231 1166 534 1245 positivis,
586 1166 791 1227 inesse
836 1167 1058 1227 debeat
1096 1167 1315 1248 vigor-3
1384 1167 1620 1227 foedera
1662 1173 1874 1228 tamen
1917 1168 1982 1226 in

231 1272 440 1332 locum
469 1271 511 1331 J
511 1270 640 1331 uris
663 1271 871 1332 Divini
906 1277 969 1331 et
994 1270 1307 1344 Gentium,
1335 1271 1672 1351 subrogare
1702 1270 1986 1331 nonnulli

235 1375 448 1435 conari
477 1375 919 1454 deteguntur.†

318 1477 484 1539 Olim
547 1479 818 1558 quidem,
883 1479 1128 1559 quoties
1187 1480 1594 1559 grassabatur
1651 1478 1746 1540 vis
1804 1478 1980 1539 fraeni

236 1583 566 1662 cujuslibet
594 1583 834 1663 ignara,
860 1604 990 1643 non
1022 1582 1218 1643 defuit
1251 1585 1565 1663 quoddam
1593 1583 1936 1643 remedium
1963 1605 1976 1642 ε

232 1686 572 1767 quinimmo
623 1687 881 1747 remedii
930 1687 1104 1747 notio
1152 1694 1377 1767 sponte
1423 1688 1755 1767 surgebat:
1804 1686 1977 1747 notio

229 1791 445 1870 utique
488 1791 532 1851 J
533 1790 660 1850 uris
708 1791 1013 1851 servandi.
1132 1791 1220 1850 Iis
1273 1791 1522 1871 quidem
1564 1791 1974 1870 temporibUS,

227 1895 419 1956 immo
464 1896 753 1956 omnibus
808 1896 1072 1957 saeculis·
1101 1896 1427 1967 anteactis,
1474 1895 1752 1956 facinora
1801 1895 1973 1956 iden-

225 2001 422 2062 tidem
468 2007 615 2061 sunt
675 2000 968 2071 admissa,
1022 2020 1138 2060 1100
1179 2001 1316 2060 11100
1360 2000 1621 2061 ulterius
1669 2002 1974 2080 serpebat.

230 2103 557 2185 Corruptis
591 2105 901 2176 cordibus,
934 2105 1208 2164 humano
1245 2105 1459 2184 generi
1487 2106 1768 2164 restabat
1796 2104 1976 2164 intel-

227 2209 430 2269 lectus
454 2231 466 2268 :
516 2215 580 2269 et
597 2210 928 2289 loquelam,
952 2209 1004 2269 si
1034 2209 1170 2288 quis
1203 2208 1273 2269 ea
1295 2209 1390 2268 uti
1418 2209 1627 2281 vellet,
1654 2209 1732 2268 ad
1753 2215 1979 2268 nutum

295 2402 323 2427 ἅ·
360 2402 585 2449 “Foedus
611 2402 932 2450 Gasteinense
960 2404 1067 2466 jam
1090 2403 1257 2450 vivere
1293 2403 1588 2451 desinebat.''
1658 2403 1827 2451 Verba
1862 2407 1978 2449 sunt

229 2480 435 2527 Domini
459 2480 678 2527 Rouher.

294 2559 327 2614 †
352 2562 364 2584 ‘
370 2558 440 2605 ‘N
445 2574 498 2605 00
513 2558 705 2618 clarius,
722 2574 811 2605 nec
830 2558 1003 2605 tetrius
1017 2558 1267 2606 indicatur
1280 2559 1366 2606 illa
1384 2559 1753 2621 omnipotentiae
1773 2558 1977 2605 ambitio

226 2635 308 2684 cui
330 2635 492 2682 inhiat
515 2636 794 2683 dominatus
818 2636 1081 2698 popularis,
1109 2653 1256 2699 quam
1294 2654 1382 2700 per
1418 2638 1454 2684 J
1457 2654 1514 2684 us
1538 2637 1662 2683 illud
1687 2637 1975 2699 primarium

223 2712 471 2776 neglectui
503 2713 690 2772 datum,
728 2714 859 2775 quod
893 2713 1042 2760 fidem
1066 2714 1353 2762 Foederibus
1391 2715 1607 2762 debitam
1648 2714 1974 2777 appellarunt,

228 2794 473 2852 quotquot
486 2789 792 2838 honestatem
809 2791 1057 2854 publicam
1071 2792 1257 2839 habent
1275 2793 1421 2853 cordi,
1439 2794 1721 2854 bonumque
1736 2790 1974 2840 sensum.''

226 2865 329 2930 (De
382 2867 593 2931 Broglie‚
648 2868 703 2914 in
754 2868 871 2916 folio
921 2869 1182 2932 periodico,
1232 2871 1393 2918 Revue
1433 2871 1514 2918 des
1554 2870 1698 2917 Deum
1737 2868 1973 2933 Mondes.)

229 2944 368 2991 Hinc
404 2944 463 2992 fit
503 2950 563 2992 ut
599 2945 733 2993 hisce
769 2946 1075 3009 temporibus
1115 2948 1315 2995 morbus
1338 2954 1594 3011 perceptus
1617 2948 1680 2994 ad
1702 2947 1974 2994 remedium

226 3021 597 3084 percipiendum
642 3039 954 3086 nequaquam
1001 3024 1162 3072 ducat.
1259 3026 1337 3072 De
1371 3025 1658 3072 Foederibus
1692 3025 1728 3071 J
1732 3024 1833 3070 uris
1867 3024 1972 3070 loco

225 3099 596 3159 substituendis,
641 3105 692 3147 et
727 3101 764 3149 J
766 3102 869 3148 uris
899 3101 1100 3148 nomine
1136 3102 1461 3165 designandis,
1497 3102 1711 3164 primum
1751 3100 1972 3163 agitabat

229 3175 410 3223 Russia
431 3193 562 3223 anno
590 3177 734 3237 1806,
760 3194 850 3225 nec
879 3178 976 3225 3113
999 3179 1280 3226 conditione
1303 3179 1490 3226 vellent
1527 3177 1677 3224 Russi
1700 3177 1973 3224 consentire

228 3252 339 3316 paci
380 3252 548 3301 Gallos
587 3254 721 3302 inter
760 3260 811 3302 et
851 3256 1056 3319 Anglos,
1096 3261 1218 3303 tunc
1263 3256 1497 3318 temporis
1542 3254 1780 3301 ineundae.
1854 3254 1972 3300 Huc

228 3329 379 3376 etiam
402 3331 573 3393 utique
597 3333 848 3394 spectabat
872 3332 1016 3396 quod,
1044 3334 1098 3380 in
1122 3333 1324 3380 Foedere
1343 3332 1619 3380 Viennensi
1641 3332 1701 3378 de
1723 3331 1971 3378 veteribus

227 3407 544 3454 restituendis
566 3409 732 3456 nullus
756 3416 861 3458 erat
884 3427 1058 3470 sermo,
1073 3411 1145 3457 ita
1167 3415 1225 3457 ut
1248 3427 1347 3472 pax
1370 3409 1508 3456 nullo
1531 3409 1628 3456 alio
1650 3409 1969 3455 fundamento

229 3499 378 3546 quam
401 3484 557 3548 seipsa
579 3487 896 3535 stabiliretur.

1084 3588 1116 3627 F
