2236 3814
1070 226 1150 283 45

248 406 432 447 usum
478 393 916 466 consequatur,
963 393 1101 446 tum
1143 409 1338 468 prava
1379 389 1540 449 ratio
1582 393 1824 471 agendi,
1857 399 1992 453 tum

247 490 448 550 omnis
479 490 626 551 fidei
655 490 913 551 eversio.
981 490 1186 551 Voces
1215 492 1571 572 hujusmodi
1599 494 1991 557 introductas

244 594 533 666 vidimus,
559 614 674 655 nec
705 594 1036 654 defuerunt
1068 596 1427 676 supradicta
1455 596 1559 656 illa
1589 602 1988 660 consectaria.

330 699 449 759 His
483 699 678 780 igitur
719 699 961 779 positis,
1007 700 1246 758 nullum
1293 706 1387 759 est
1433 701 1689 760 dubium
1730 703 1877 781 quin
1914 705 1994 762 ad

243 823 344 864 res
400 804 841 864 restaurandas
910 803 986 864 ab
1049 804 1314 864 istorum
1373 805 1726 865 exclusione
1782 808 1992 866 termi-

244 928 470 968 norum
499 907 864 988 incipiamus
897 914 1218 988 oporteat3
1260 909 1359 969 cui
1391 909 1639 988 quidem
1671 911 1842 990 operi
1863 911 1994 990 jam

243 1018 430 1072 antea
498 1010 755 1073 SUMMUs
812 1012 1117 1072 PONTIFEX
1174 1034 1429 1072 manum
1488 1013 1783 1086 admovit,
1846 1015 1993 1074 dum

247 1115 582 1177 Catholicae
622 1115 952 1196 Religioni,
990 1116 1181 1176 immo
1230 1115 1622 1189 Christianae,
1657 1119 1990 1191 adversari,

244 1220 639 1280 denuntiaret
682 1220 820 1280 illas
863 1221 1033 1301 ipsas
1079 1221 1405 1294 dictiones,
1446 1242 1620 1301 quas,
1660 1242 1736 1281 ex
1772 1224 1992 1303 seipsis

245 1325 415 1384 omni
447 1325 699 1405 proprio
745 1345 933 1385 sensu
978 1346 1205 1397 carere,
1240 1327 1612 1406 easdemque
1659 1327 1840 1386 simul
1883 1328 1992 1387 fal-

241 1429 427 1501 13008,
460 1429 563 1489 3111
582 1430 714 1510 jam
745 1430 1276 1491 demonstrarunt.

326 1533 430 1593 Ad
451 1533 618 1594 hunc
640 1534 826 1593 finem
849 1533 1183 1614 plurimum
1208 1534 1538 1594 conferunt
1560 1533 1765 1595 Sacrae
1787 1534 1990 1616 Scrip-

241 1644 421 1710 turae,
449 1637 785 1699 Catholicis
807 1660 823 1709 3
858 1638 1081 1719 quippe
1112 1639 1334 1718 quibus
1361 1659 1516 1699 onus
1545 1639 1865 1699 incumbat
1888 1661 1990 1700 eas

244 1743 555 1814 studendi,
607 1749 671 1803 et
717 1764 929 1802 earum
975 1743 1326 1802 naturalem
1383 1743 1687 1823 imprimis
1742 1764 1991 1803 sensum

241 1847 595 1928 indagandi.
658 1847 762 1907 Ita
792 1847 1075 1927 quaedam
1106 1847 1177 1906 fit
1205 1848 1580 1927 praeparatio
1610 1854 1701 1919 ut,
1735 1847 1990 1907 fallaciis

244 1951 587 2024 debellatis,
619 1951 904 2012 homines
936 1953 1017 2011 ad
1044 1952 1363 2012 meliorem
1393 1951 1637 2032 frugem
1665 1958 1988 2020 vocentur,

244 2062 432 2135 atque
467 2056 546 2116 ad
576 2056 1008 2115 Poenitentiam
1050 2056 1448 2127 reducantur,
1483 2056 1630 2134 quin
1672 2056 1798 2116 ulla
1842 2057 1989 2135 dog-

241 2166 484 2220 matum
512 2160 671 2220 ratio
694 2160 1014 2220 habeatur.
1079 2160 1258 2219 Tales
1282 2159 1348 2217 in
1374 2159 1691 2219 Catholica
1714 2160 1992 2220 Ecclesia

242 2263 407 2325 vires
449 2264 651 2324 latent
695 2263 1095 2335 absconditae,
1145 2263 1367 2343 quibus
1421 2270 1485 2323 et
1534 2263 1669 2342 ipsa
1713 2263 1992 2323 Ecclesia

244 2385 381 2427 sese
431 2368 702 2447 gaudere
753 2367 1011 2439 nesciat,
1067 2373 1130 2427 et
1182 2386 1335 2445 quas
1388 2366 1653 2426 existere
1705 2366 1992 2426 nesciunt

218 2471 471 2543 caeteri,
505 2471 701 2531 donec
730 2470 987 2530 tandem
1017 2470 1345 2550 aliquando
1377 2476 1522 2529 actu
1550 2469 1880 2548 prodeant.

326 2574 568 2634 Eodem
613 2574 738 2635 fere
788 2580 1071 2654 tempore
1119 2594 1241 2653 quo
1287 2573 1654 2632 immutatus
1690 2579 1787 2631 est
1827 2593 1988 2632 com-

243 2678 452 2737 munis
500 2677 824 2738 hominum
877 2697 1096 2738 sensus
1149 2678 1225 2737 de
1274 2677 1606 2737 homicidio
1657 2677 1986 2756 patrandO,

246 2780 429 2841 simul
458 2780 626 2841 facta
670 2787 766 2840 est
808 2781 1074 2840 mutatio
1108 2781 1393 2860 quaedam
1425 2780 1592 2859 quod
1628 2781 1708 2839 ad
1736 2780 1988 2838 modum

245 2890 490 2966 spectat
537 2906 658 2965 quo
715 2885 782 2944 in
833 2884 1189 2946 civitatibus
1249 2884 1517 2964 Europae
1575 2904 1676 2943 res
1728 2884 1989 2963 publicae

246 2995 518 3068 aguntur
538 3011 553 3060 ;
600 2989 691 3048 ita
735 2995 809 3048 ut
855 3009 1083 3048 munus
1132 2989 1299 3069 quod
1346 2989 1492 3048 olim
1526 2988 1782 3047 inferius
1825 2994 1990 3047 esset

245 3091 800 3155 administrationis
873 3091 1192 3152 devenerit
1260 3091 1535 3151 omnium
1609 3110 1983 3169 supremum.

244 3194 433 3254 Hunc
473 3195 892 3275 principatum
936 3194 1195 3275 adipisci
1235 3194 1501 3273 contigit
1542 3193 1630 3250 illi
1669 3192 1834 3272 parti
1865 3190 1988 3252 Gu-

243 3297 461 3369 bernii,
494 3299 594 3358 cui
620 3320 831 3360 rerum
862 3306 1217 3360 exterarum
1253 3318 1400 3358 cura
1438 3295 1776 3366 incumbit3
1823 3297 1988 3356 unde

242 3406 382 3460 orta
405 3406 501 3461 est
531 3422 758 3462 arcana
777 3401 1002 3481 agendi
1023 3400 1204 3472 ratio,
1227 3399 1367 3466 fons
1401 3398 1742 3465 servitutis.
1805 3397 1988 3463 Hanc
