2236 3814
1056 246 1134 304 39

228 410 511 491 politicas
557 405 826 490 Europae
869 408 960 468 ita
1002 410 1454 485 moderaretur,
1493 416 1566 470 ut
1613 432 1972 492 supremum

227 514 523 594 regimen,
554 514 621 574 in
652 514 958 585 omnibus,
986 514 1335 573 Russorum
1365 513 1741 594 Imperatori
1772 518 1971 578 aufer-

227 625 422 680 retur.
484 619 657 680 Talia
685 619 876 680 fuisse
906 619 1256 679 Russorum
1287 618 1609 690 desideria,
1631 621 1779 680 talia
1802 629 1969 694 vota,

227 724 397 784 haud
427 724 757 784 difficulter
799 723 1102 804 percipiet
1149 722 1428 803 quisquis
1458 723 1557 782 vel
1591 724 1813 783 leviter
1839 746 1973 785 rem

230 828 621 900 considerat3
679 835 742 889 et
801 850 877 888 ex
928 827 1157 888 actuali
1207 849 1418 887 rerum
1471 810 1756 900 decursU,
1807 829 1973 889 idem

219 934 523 1014 judicium
572 934 920 994 necessarie
969 933 1268 1013 exsurgit.
1375 933 1464 992 At
1514 933 1728 994 revera
1774 936 1972 1015 majus

229 1038 524 1117 quiddam
554 1038 779 1110 evenit,
815 1059 1000 1118 quam
1033 1038 1199 1117 quod
1242 1037 1479 1118 percipi
1515 1037 1690 1098 facile
1732 1047 1967 1120 posset,

225 1142 325 1203 vel
354 1142 542 1202 etiam
571 1163 685 1223 pro
709 1142 989 1223 possibili
1010 1142 1244 1202 haberi.
1324 1142 1401 1201 Id
1423 1164 1689 1223 namque
1709 1153 1972 1225 egerunt

226 1246 436 1320 Russi,
462 1253 534 1307 ut
553 1249 701 1307 dum
731 1246 1269 1328 perturbationem
1293 1247 1439 1307 anni
1464 1249 1626 1308 1848
1658 1257 1970 1329 pararent,

223 1353 344 1433 ipsi
372 1352 662 1413 Pontifici
706 1353 957 1433 ejusque
985 1353 1296 1412 Ministris
1342 1354 1614 1413 celarent
1652 1355 1800 1434 quid
1830 1377 1971 1435 age-

223 1465 405 1529 rent3
454 1459 727 1518 celarent
769 1459 1038 1538 ligamen
1070 1465 1330 1529 arctum,
1373 1458 1635 1518 tacitum
1667 1461 1968 1539 quamviS,

225 1584 345 1642 quo
367 1563 893 1643 conjungerentur
911 1571 974 1623 et
994 1585 1135 1624 011111
1154 1564 1378 1644 Anglis
1399 1570 1462 1623 et
1483 1586 1624 1625 cum
1645 1565 1967 1638 seditione,

226 1667 713 1748 simularentque
759 1669 929 1740 omni
974 1668 1119 1728 nisu
1167 1668 1399 1740 conari,
1450 1675 1522 1728 ut
1568 1676 1705 1728 tum
1753 1678 1972 1730 contra

221 1772 483 1853 Anglos,
515 1778 653 1831 tum
677 1779 896 1832 contra
920 1773 1304 1844 seditionem,
1334 1773 1702 1833 Pontificem
1726 1779 1971 1834 tueren-

221 1882 345 1936 tur.
437 1876 598 1936 Tum
636 1877 986 1957 pecuniam,
1024 1884 1159 1937 tum
1213 1877 1424 1958 copias
1476 1878 1775 1938 militares
1836 1899 1971 1940 sese

223 1980 598 2062 amplissime
640 1982 898 2042 daturos
942 1982 1378 2063 praestiterunt
1402 1982 1626 2054 Russi3
1689 2004 1802 2043 nec
1833 2006 1968 2044 eru-

220 2087 491 2146 buerunt
522 2086 671 2144 dum
711 2087 945 2166 gratias
992 2088 1218 2166 agebat
1262 2087 1553 2146 Pontifex
1592 2087 1773 2166 quod,
1808 2088 1969 2148 Rus-

225 2211 436 2251 sorum
461 2190 664 2270 opera,
686 2191 914 2250 milites
942 2190 1103 2251 Galli
1122 2191 1202 2250 ad
1225 2191 1487 2251 Romam
1513 2192 1965 2264 defendendam

222 2295 398 2356 missi
426 2296 754 2356 fuissent*

306 2401 453 2462 Non
483 2409 580 2462 est
612 2423 721 2462 cur
745 2402 1070 2462 credamus
1101 2401 1475 2462 Pontificem
1500 2402 1762 2462 oblitum
1784 2381 1966 2464 Polo-

221 2505 339 2567 niae
362 2505 582 2586 patriis
605 2506 845 2586 legibus
872 2506 1185 2586 spoliatae3
1222 2512 1284 2567 et
1313 2506 1663 2566 Russorum
1691 2507 1965 2587 Impera-

289 2754 320 2786 *
356 2755 386 2780 “
405 2753 441 2800 J
443 2769 523 2800 am
560 2769 589 2799 a
627 2769 794 2800 mense
836 2753 1106 2812 Februarii,
1135 2769 1264 2800 anno
1291 2753 1436 2813 1848,
1465 2753 1774 2801 Gubernium
1800 2755 1968 2803 Petro-

218 2831 495 2895 politanum
532 2830 624 2878 hoc
661 2831 806 2878 modo
845 2831 1102 2894 epistolam
1151 2831 1288 2878 misit
1341 2832 1404 2878 ad
1451 2832 1742 2879 Pontificem
1790 2833 1968 2882 Roma—

218 2925 340 2956 num
363 2913 457 2957 :—‘
478 2908 657 2956 Procul
682 2909 844 2969 dubie,
874 2910 1082 2956 Sanctus
1120 2910 1270 2957 Pater
1293 2910 1650 2972 Imperatorem
1675 2911 1967 2960 Russiacum

217 2988 361 3035 valde
384 2987 480 3034 sibi
502 2987 714 3034 amicum
754 2987 990 3047 inveniet,
1018 2989 1105 3051 qui
1144 2989 1241 3035 niti
1264 2989 1386 3035 velit
1421 2994 1479 3035 ut
1503 2989 1661 3035 omnis
1685 2991 1964 3051 auctoritas,

217 3070 328 3113 tum
363 3066 659 3128 temporalis,
697 3070 807 3112 tum
844 3067 1128 3129 spiritualis,
1172 3067 1407 3114 Pontifici
1443 3068 1736 3113 restituatur
1752 3083 1765 3125 3
1801 3069 1966 3115 omnia

218 3148 365 3207 agent
411 3143 561 3190 Russi
606 3160 911 3207 quaecunque
957 3145 1020 3191 ad
1066 3145 1198 3192 hunc
1256 3146 1404 3191 finem
1459 3144 1617 3194 facere
1662 3143 1962 3206 videantur3

217 3222 356 3268 abest·
379 3222 564 3269 etenim
587 3239 615 3269 a
639 3222 912 3269 Russorum
938 3223 1082 3270 corde
1107 3223 1266 3270 omnis
1281 3221 1507 3269 simultas
1532 3237 1646 3284 erga
1671 3221 1964 3269 Pontificem

219 3299 501 3346 Romanum
518 3317 532 3360 3
559 3300 732 3360 omnis,
753 3301 900 3348 etiam
916 3301 1166 3364 religionis
1185 3299 1342 3358 causa,
1360 3304 1532 3345 exorta
1547 3299 1922 3348 malevolentia.'
1938 3299 1964 3321 '’

217 3376 482 3434 —Farina,
519 3376 655 3425 Scato
695 3378 931 3438 Romano,
970 3384 1087 3426 tom.
1128 3378 1196 3424 111.
1232 3394 1277 3439 p.
1320 3376 1431 3422 215.
1504 3376 1637 3423 Vide
1673 3376 1822 3440 Opus,
1865 3377 1964 3424 The

217 3453 341 3503 East
364 3454 469 3502 cmd
489 3454 563 3503 the
594 3454 725 3516 West,
752 3457 973 3504 Auctore
996 3456 1153 3504 nobili
1175 3455 1282 3503 viro
1308 3453 1374 3500 H.
1406 3453 1620 3517 Stanley.
