2236 3814
1127 249 1209 307 49

294 415 567 496 profecto
596 416 815 477 fuisset
858 416 1057 476 Italiae
1094 417 1243 495 quin
1277 437 1349 476 eo
1392 436 1513 495 quo
1542 415 1811 476 vidimus
1841 414 2026 475 modo

298 525 338 552 “
361 520 898 581 constitueretur''
923 543 939 592 ;
1005 541 1247 580 necnon
1298 519 1444 600 quin
1505 539 1598 590 eo,
1649 538 1833 598 quem
1883 539 2031 579 mox

295 623 638 685 videbimus
667 626 873 698 mod0‚
893 624 1025 685 haeo
1049 631 1086 657 “
1100 621 1529 687 Constitutio'’
1552 622 1730 682 irrita
1751 621 2034 682 facienda

298 734 481 789 esset.

1098 897 1219 958 III.

300 1017 578 1083 Salutem
625 1020 953 1082 Societatis
1013 1043 1124 1103 per
1184 1023 1383 1104 Leges
1426 1026 1860 1086 tantummodo
1922 1025 2026 1086 ob-

463 1124 798 1186 tinendam.

383 1249 769 1330 Jampridem
811 1252 1010 1313 tertiae
1051 1252 1395 1327 Quaestioni
1434 1260 1669 1314 nostrae
1698 1254 2033 1335 responde-

301 1359 407 1412 tur
426 1375 455 1434 3,
485 1375 602 1425 nae,
637 1356 789 1415 satis
822 1376 1126 1436 superque
1160 1357 1292 1436 jam
1322 1364 1418 1417 est
1447 1378 1817 1437 responsum
1847 1359 2037 1438 quum

302 1458 635 1518 methodus
681 1459 868 1526 fuerit
918 1461 1240 1540 proposita
1303 1482 1339 1520 a
1395 1461 1575 1521 nobis
1636 1462 2029 1522 adhibenda:

301 1562 433 1622 haeo
492 1570 698 1622 autem
747 1563 814 1622 in
855 1544 1170 1632 liberando
1235 1571 1475 1625 mentes
1524 1565 1845 1624 hominum
1890 1586 2035 1625 con-

305 1667 472 1727 sistit
517 1687 553 1726 a
599 1668 912 1726 nonnullis
959 1667 1235 1739 fallaciis,
1300 1671 1436 1748 q'uae
1492 1689 1705 1728 omnes
1759 1669 2038 1749 profecto

305 1778 528 1853 sponte
580 1772 687 1831 sue
744 1778 1140 1843 evanescunt,
1196 1772 1380 1831 simul
1436 1794 1507 1832 ae
1573 1774 1866 1844 cernitur,
1909 1794 2038 1833 non

303 1875 505 1934 minus
529 1875 770 1956 peccari
799 1875 904 1934 ubi
933 1875 1113 1934 multi
1152 1877 1447 1935 adversus
1478 1877 1708 1936 multos
1730 1882 2040 1937 certantes

304 1980 637 2049 trucidant,
670 1979 985 2050 furantur,
1007 2000 1106 2040 res
1138 1980 1367 2039 alienas
1397 1980 1864 2060 concupiscunt,
1887 1981 2043 2041 falsa

307 2083 567 2162 denique
597 2084 953 2143 testimonia
981 2083 1321 2162 proferunt,
1366 2104 1436 2142 ao
1477 2084 1529 2143 si
1560 2084 1787 2163 singuli
1822 2091 2042 2144 contra

309 2187 583 2267 singulos
644 2189 857 2247 eadem
916 2188 1257 2247 admittunt
1313 2187 1604 2248 facinora.
1723 2189 1877 2248 Haeo
1936 2188 2044 2268 qui

307 2292 561 2362 nesciat,
588 2292 798 2351 oeulos
817 2292 1005 2351 habet
1028 2293 1234 2352 divino
1248 2292 1480 2371 judicio
1501 2294 1862 2352 obcaecatos,
1911 2291 2045 2366 Quz‘i

308 2396 585 2456 caeoitate
633 2403 858 2466 stante,
904 2395 1027 2455 fere
1079 2397 1293 2456 eadem
1338 2403 1434 2456 est
1476 2396 1700 2455 civ-ium
1746 2396 2058 2468 conditio,'

307 2500 472 2580 quod
514 2501 594 2559 ad
639 2519 842 2559 mores
873 2499 1115 2570 attinet,
1150 2500 1227 2559 ad
1265 2500 1726 2571 conscientiam,
1768 2500 2038 2578 negotia,

307 2609 371 2663 et
399 2602 597 2682 ipsam
641 2602 903 2682 denique
944 2602 1355 2674 existentiam,
1399 2624 1470 2663 ao
1516 2603 1586 2674 si,
1625 2601 1722 2682 (ut
1753 2603 1829 2662 (le
1858 2603 2044 2664 rebus

307 2707 725 2766 materialibus
760 2705 1173 2786 *loqu-amun)
1238 2707 1437 2766 omnis
1515 2706 1860 2766 auferretur
1938 2706 2048 2765 lux

308 2810 609 2870 naturalis
640 2816 704 2868 et
733 2816 867 2868 arte
897 2810 1082 2882 faeta,
1116 2811 1311 2870 donee
1340 2811 1620 2870 homines
1651 2811 1905 2870 tandem
1934 2830 2051 2889 per

309 2914 596 2974 tenebras
621 2913 782 2973 viam
813 2921 1126 2994 utcunque
1156 2915 1355 2975 facere
1401 2921 1792 2995 cogerentur.
1870 2913 2047 2973 Tune

313 3017 366 3078 si
403 3018 552 3097 quid
595 3039 632 3077 a
671 3018 959 3098 quopiam
987 3025 1357 3091 tentaretur,
1405 3020 1484 3078 ad
1526 3018 1789 3078 nihilum
1819 3018 2047 3076 misero

310 3120 683 3180 inservirent
739 3128 1034 3193 conatus3
1105 3143 1252 3202 opes
1313 3122 1500 3181 etiam
1544 3119 1938 3199 amplissimae
1983 3124 2048 3179 et

315 3221 396 3282 ad
437 3242 657 3283 manus
716 3225 935 3304 positae
982 3226 1355 3285 esurientem
1400 3223 1719 3284 dominum
1763 3228 1872 3282 aut
1917 3222 2046 3282 siti-

316 3331 523 3390 entem
573 3326 797 3387 satiare
847 3329 1207 3408 nequirent:
1257 3327 1487 3408 periret
1521 3326 1774 3386 tandem
1811 3325 2044 3397 infelix,

314 3427 707 3508 pereuntium
747 3429 932 3493 simul
971 3431 1295 3491 hominum
1333 3429 1556 3490 foetore
1586 3447 1938 3510 oppreSSUS,
1972 3449 2047 3489 eo

1163 3555 1200 3596 G
