2236 3814
1100 245 1176 302 93

270 433 447 473 suam
490 410 715 492 recipit
766 410 1264 491 explicationem,
1319 428 1435 468 cur·
1467 408 1618 468 adeo
1670 428 1844 488 vagae
1892 408 2020 468 sint

265 516 732 587 instructiones,
753 515 820 574 in
844 536 916 575 eo
939 512 1109 574 omni
1130 512 1298 592 quod
1319 517 1563 592 spectat
1587 513 1667 571 ad
1684 513 2019 573 relationes

267 628 539 692 mutuas,
573 619 918 681 Ecclesiam
948 619 1114 678 inter
1143 623 1206 678 et
1232 616 1543 706 Politiam.

352 725 544 785 Aliud
573 725 760 786 etiam
788 730 987 784 restat
1018 722 1184 803 quod
1227 741 1402 782 suam
1450 719 1759 800 acciperet
1791 720 2018 780 enoda-

269 830 525 890 tionem.
630 828 860 888 Russia
892 826 1237 888 Concilium
1265 825 1672 885 vehementer
1710 825 2023 884 detestata

272 941 390 1006 est,
441 939 511 994 et
563 933 799 993 absona
843 932 1045 991 multa
1103 931 1220 992 sibi
1263 929 1609 991 vindicavit
1629 951 1645 1000 ;
1693 950 1894 1009 neque
1926 936 2022 989 est

273 1059 390 1100 cur
441 1038 604 1098 hanc
676 1038 900 1118 agendi
962 1037 1271 1098 rationem
1329 1042 1533 1096 ortam
1591 1036 1889 1096 ducamus
1950 1056 2025 1095 ex

271 1142 479 1222 aliquo
507 1141 752 1213 timore,
784 1162 864 1202 ne
895 1140 1055 1201 forte
1088 1139 1436 1200 Concilium
1456 1139 1775 1218 Europam
1803 1139 2024 1199 liberet

273 1269 310 1308 a
350 1247 699 1307 Russorum
744 1246 1019 1317 ditione3
1087 1245 1154 1304 id
1198 1246 1365 1325 quod
1409 1245 1600 1304 etiam
1645 1244 1845 1323 magis
1892 1265 2022 1304 cre-

276 1351 502 1422 dimus,
542 1350 703 1430 quia,
750 1356 1011 1430 propter
1055 1369 1372 1410 sermones
1417 1370 1454 1408 a
1489 1347 1712 1408 Russis
1754 1348 2022 1417 habitos,

277 1454 583 1517 Catholici
623 1454 923 1535 plerique,
974 1453 1269 1533 quicquid
1307 1459 1456 1533 agat
1485 1452 1796 1525 Pontifex,
1828 1452 2025 1533 pluris

276 1579 461 1639 quam
491 1565 678 1619 antea
705 1558 1003 1619 fecerunt.
1093 1558 1183 1617 At
1226 1577 1354 1617 non
1398 1563 1494 1617 est
1538 1576 1648 1616 cur
1693 1557 1883 1617 verba
1912 1556 2024 1615 mi-

273 1683 486 1723 remur
523 1660 1008 1732 vehementiora,
1052 1682 1168 1722 nec
1219 1660 1579 1720 eorumdem
1625 1666 2028 1740 apparentem

273 1767 598 1838 incuriam,
631 1766 816 1826 modo
846 1766 1138 1825 Russiam
1186 1765 1488 1844 suspicari
1520 1765 1846 1824 credamus
1875 1764 2029 1824 inibi

274 1871 543 1953 proponi
571 1877 644 1930 ut
674 1870 878 1931 omnis
908 1870 1170 1930 tollatur
1198 1869 1469 1929 influxus
1502 1875 1924 1929 externorum.

360 1975 451 2035 At
478 1975 544 2034 id
574 1975 853 2035 secundo
893 1973 1142 2034 tantum
1184 1974 1322 2034 loco
1360 1973 1722 2053 ponendum
1769 1973 2028 2033 arbitra-

277 2100 442 2151 mur,
472 2079 637 2158 quod.
687 2099 808 2159 per*
857 2077 992 2138 haec
1048 2076 1374 2157 privilegia
1424 2076 1743 2157 prohiberi
1793 2083 2028 2156 potest,

277 2204 358 2244 ne
415 2184 551 2263 quis
621 2182 686 2241 in
743 2181 1116 2242 Pontificem
1181 2180 1470 2260 eligatur,
1528 2179 1634 2259 qui
1701 2179 2031 2240 Gathedrae

277 2287 577 2348 Romanae
651 2306 828 2346 suam
909 2305 1158 2346 servare
1236 2283 1667 2344 autonomiam
1740 2285 2028 2345 voluerit.

278 2392 681 2462 Jamdudum,
734 2390 802 2450 ni
852 2389 1145 2462 fallimur,
1180 2388 1599 2449 constitutum
1647 2394 1744 2448 est
1781 2388 2033 2468 quinam

280 2495 364 2556 sit
392 2495 730 2576 eligendus.
793 2493 1014 2574 Neque
1037 2493 1180 2554 vere
1211 2514 1288 2553 ex
1319 2491 1640 2553 Gallorum
1663 2492 2034 2552 auctoritate

278 2620 480 2680 neque
530 2599 912 2659 Austrorum
970 2597 1267 2678 pendebit
1312 2597 1554 2669 electio,
1603 2617 1732 2657 non
1777 2618 1854 2656 ex
1902 2597 2032 2657 Gis-

281 2703 504 2784 alpinis
573 2723 689 2763 nec
760 2702 1227 2783 Ultra-alpinis,
1293 2723 1423 2763 non
1496 2723 1574 2762 ex
1640 2702 2035 2782 proclivitate

280 2805 616 2868 liberaliori
655 2806 755 2867 vel
800 2806 1197 2879 restrictiori,
1241 2813 1307 2866 at
1349 2805 1548 2867 solum
1589 2827 1666 2866 ex
1701 2806 2038 2885 Tempora&

281 2905 571 2974 Dominio·
596 2911 663 2970 in
701 2917 915 2971 tutum
957 2911 1270 2992 ponendo.
1360 2909 1654 2971 Dominio
1685 2910 2038 2991 Temporali

284 3015 456 3078 flavet
511 3014 833 3087 Nffcmoe
899 3013 1260 3076 Cardinales
1326 3014 1555 3075 favent.
1647 3014 1748 3072 Illi
1800 3015 2038 3073 dabunt

283 3139 475 3181 voees
503 3138 648 3180 suas
679 3117 1062 3192 CardinaleS‚
1097 3119 1198 3180 cui
1227 3118 1512 3179 NAPOLEO
1541 3140 1553 3177 :
1600 3117 1689 3175 illi
1731 3116 1794 3176 N
1794 3135 2034 3189 APOLEQ

288 3222 391 3284 cui
416 3222 666 3283 Russia.
754 3223 890 3284 Nec
934 3224 1145 3284 obstat
1190 3222 1357 3303 quod
1399 3221 1639 3281 nullum
1669 3220 1897 3280 Russia
1930 3220 2037 3281 ha-

287 3328 439 3388 beat
465 3326 691 3386 Romae·
715 3325 1046 3407 Legatum,
1082 3327 1192 3388 sed
1234 3346 1351 3386 nec
1395 3325 1532 3405 ipso
1578 3324 1898 3385 electionis
1941 3325 2039 3386 die

289 3430 556 3492 fortasse
575 3429 657 3490 sit
684 3429 992 3491 habitura.
1085 3431 1309 3502 Immo,
1334 3427 1596 3490 forsitan
1625 3427 1776 3491 illud
1806 3429 2041 3490 utiliter
