2236 3814
173 409 359 482 litica,
436 410 513 471 de
597 409 896 471 doctrinis
969 408 1234 487 denique
1307 407 1663 488 Religionis.
1782 408 1916 469 Has

173 513 367 594 igitur
446 514 718 574 theorias
800 513 1194 593 perpendens
1275 512 1700 591 unusquisque
1775 533 1916 593 pro-

174 616 463 676 nuntiat:
515 616 728 676 “Haec
758 615 1040 695 gens'illi
1070 615 1393 695 copuletur
1437 615 1644 693 genti3
1694 616 1770 674 ab
1800 615 1920 675 ista

177 725 216 751 “
249 719 678 800 disjungatur3
766 720 869 780 hic
945 719 1158 779 homo>
1205 718 1325 778 illis
1396 718 1696 798 imperet3
1784 719 1918 779 haec

178 830 216 855 “
248 823 485 896 civitaS‚
534 825 704 904 Rege
748 823 1026 904 expulso,
1073 822 1359 903 populari
1417 821 1706 901 deinceps
1757 822 1917 901 regi-

177 934 216 959 “
248 927 410 987 mini.
444 928 809 1008 subjiciatur
827 949 844 998 3
891 927 996 986 illa
1026 925 1497 1005 Rempublicam
1541 926 1822 1006 abroget,
1858 932 1921 985 et

178 1037 216 1063 “
247 1032 432 1092 unius
462 1032 811 1092 dominatui
839 1037 1075 1112 pareat.
1166 1030 1319 1104 Quae
1360 1030 1568 1090 omnia
1598 1051 1739 1090 cum
1768 1030 1919 1089 mihi

173 1141 212 1168 “
245 1135 373 1196 sint
459 1135 650 1208 cordi,
723 1136 990 1195 laudabo
1054 1140 1481 1204 executurum,
1545 1133 1919 1214 quicumque

177 1245 215 1271 “
248 1238 496 1299 demum
552 1240 656 1300 ille
717 1239 820 1311 sit,
883 1239 1066 1299 simul
1124 1245 1188 1298 et
1245 1238 1450 1298 media
1516 1258 1919 1317 quaecumque

176 1350 216 1376 “
247 1343 479 1404 fuerint
536 1345 613 1404 ab
671 1345 808 1424 ipso
868 1341 1281 1404 adhibenda.''
1393 1341 1495 1403 Sic
1541 1342 1769 1422 ubique
1819 1343 1921 1403 via

172 1453 350 1528 patet
421 1447 540 1527 qua
626 1448 990 1507 deveniatur
1062 1447 1143 1506 ad
1215 1445 1522 1506 rationem
1598 1446 1919 1505 hominum

173 1551 478 1630 ultimam,
525 1551 845 1631 sanguinis
899 1551 1134 1611 scilicet
1179 1550 1559 1621 effusionem,
1609 1550 1777 1609 nulla
1821 1552 1921 1611 Vel

175 1654 432 1734 quaesita
461 1655 645 1715 causa
667 1677 683 1726 ;
708 1655 1009 1714 ,nondum
1052 1653 1319 1734 patrata,
1370 1652 1697 1724 attentata,
1730 1654 1917 1714 immo

171 1780 252 1819 ne
283 1758 589 1819 somniate.
618 1759 886 1838 quidem,
918 1757 1158 1838 injuria.
1718 1769 1720 1771 ’

255 1852 424 1923 Hinc
479 1869 719 1923 tessera
789 1884 901 1943 per
958 1883 1143 1942 quam
1200 1862 1448 1921 honesti
1503 1861 1824 1922 hominum
1883 1883 1920 1922 a

172 1966 462 2047 turpibus
524 1973 949 2028 secernantur.
1060 1965 1127 2026 Si
1175 1966 1311 2045 quis
1363 1967 1527 2026 malo
1574 1966 1761 2025 finem
1805 1967 1917 2026 im-

171 2091 402 2151 ponere
447 2071 718 2141 studeat,
759 2072 836 2130 ab
883 2092 1079 2150 eoque
1127 2091 1268 2130 suos
1314 2091 1626 2140 revocare,
1673 2070 1919 2150 integer

171 2175 327 2256 ipse,
364 2176 594 2235 talibus
641 2195 776 2235 sese
821 2195 978 2254 opus
1011 2182 1108 2233 est
1150 2174 1391 2232 imbuat
1438 2174 1800 2253 disciplinis,
1847 2181 1918 2232 ut

170 2300 286 2359 par
318 2279 399 2339 sit
428 2279 509 2339 ad
539 2278 1397 2358 quemlibetcoarguendum3
1433 2278 1918 2359 demonstrando

170 2402 395 2462 nempe
455 2381 787 2460 unicuique
847 2401 1061 2440 eorum
1135 2401 1290 2460 quos
1365 2380 1719 2459 alloquitur,
1781 2381 1918 2460 lege

107 2564 111 2569 1
169 2486 343 2546 illum
375 2486 558 2546 simul
587 2492 650 2545 et
678 2486 798 2545 fide
830 2506 1058 2556 carere,
1087 2485 1364 2564 quisquis
1389 2485 1660 2544 theorias
1691 2485 1916 2557 foveat,

171 2589 732 2670 cupiditatibusque
789 2589 1015 2660 faveat,
1076 2589 1141 2647 in
1197 2590 1382 2649 rebus
1443 2610 1480 2648 a
1538 2610 1604 2648 se
1661 2610 1918 2668 prorsus

171 2693 424 2755 alienis:
473 2695 879 2773 eundemque,
934 2700 1238 2773 quantum
1280 2693 1347 2752 in
1394 2714 1458 2753 se
1504 2700 1619 2764 est,
1667 2714 1918 2772 operam

173 2818 351 2858 suam
391 2804 693 2878 praestare
741 2798 822 2856 ad
860 2798 1112 2856 turbam
1151 2797 1323 2869 illam
1362 2797 1777 2858 universalem
1823 2797 1915 2854 in-

173 2901 540 2973 ducendam,
587 2901 754 2961 unde
800 2922 913 2961 suo
957 2907 1239 2982 tempore
1291 2901 1526 2961 orietur
1578 2900 1918 2959 dominatio

170 3005 354 3065 unius
398 3026 508 3086 per
557 3011 765 3066 totum
809 3006 1023 3066 orbem
1079 3004 1451 3086 tyrannidis,
1505 3003 1918 3083 rerumpubli-

172 3128 385 3168 carum
457 3109 858 3188 cultuumque
921 3109 1067 3189 jura
1136 3107 1526 3189 usurpantis.
1642 3107 1919 3185 Legibus

172 3211 457 3274 civitates
514 3213 716 3285 inniti,
769 3234 971 3294 neque
1030 3213 1207 3273 aliter
1257 3233 1475 3293 pacem
1535 3217 1599 3272 et
1653 3212 1918 3272 benevo-

169 3315 426 3376 lentiam
475 3337 756 3378 securam
805 3317 1111 3398 praestari,
1174 3315 1324 3376 adeo
1386 3322 1624 3377 certum
1683 3322 1797 3386 est,
1848 3321 1920 3373 ut

170 3417 278 3478 ubi
338 3418 532 3500 (quod
601 3441 769 3481 nunc
840 3420 936 3495 fit)
1011 3420 1212 3500 Leges
1272 3418 1708 3492 obsoleverint,
1741 3416 1921 3476 nihil
