2236 3814
1152 250 1231 309 30

335 416 495 477 1857
546 415 614 478 in
656 415 831 476 Indis
878 421 1084 476 ortum
1123 415 1443 477 novimus:
1511 434 1760 475 causam
1806 409 2057 493 negotio

333 522 639 581 dederunt
682 542 854 580 arma
893 521 1174 600 quaedam
1205 542 1281 581 ex
1310 518 1538 601 Anglia
1566 520 1757 580 missa
1784 519 1850 577 in
1877 536 2062 576 usum

334 625 652 696 Indorum,
671 624 761 684 ita
786 625 1032 704 quidem
1054 631 1272 704 parata
1288 631 1360 683 ut
1383 624 1557 683 Indis
1577 645 1650 683 ea
1671 620 2061 701 gestantibus

334 735 544 788 essent
588 728 1065 788 abominationi:
1113 729 1321 799 missa,
1370 728 1621 806 inquam
1641 747 1657 796 ;
1706 725 1849 784 licet
1892 741 2065 782 arma

332 831 704 910 hujusmodi,
772 831 1015 910 Angliae
1100 830 1343 910 legibus
1417 831 1540 889 huc
1617 826 2060 908 spectantibus,

335 934 824 1013 prohiberentur.
936 935 1113 994 Idem
1176 934 1240 993 in
1303 955 1370 993 re
1426 931 1547 992 ista
1593 953 1664 992 ac
1714 932 1777 990 in
1823 929 2063 990 caeteris

334 1039 619 1098 omnibus
650 1039 767 1098 fuit
798 1038 1120 1099 consilium
1144 1060 1171 1098 ε.
1206 1044 1269 1097 et
1312 1038 1498 1096 finem
1533 1037 1773 1096 facilem
1803 1034 2064 1094 felicem-

335 1164 451 1222 que
482 1150 575 1202 est
620 1149 1040 1214 consecutum,
1074 1141 1143 1202 ea
1174 1141 1371 1202 solum
1416 1142 1491 1202 de
1521 1140 1704 1200 causa
1749 1139 1910 1219 quod
1938 1158 2065 1198 non

333 1247 592 1326 amplius
622 1253 905 1306 extarent
931 1246 1158 1306 limites
1199 1246 1419 1325 quibus
1458 1246 1777 1323 hucusque
1806 1240 2066 1301 malefici

336 1349 833 1409 continebantur.

420 1451 571 1525 Quae
603 1473 743 1511 cum
773 1451 863 1510 ita
893 1450 1141 1521 fuerint,
1174 1471 1493 1530 nunquam
1537 1453 1954 1517 cessaverunt,
1988 1447 2065 1506 ab

336 1575 497 1614 anno
531 1557 691 1614 1838
723 1576 920 1634 usque
952 1556 1031 1614 ad
1061 1555 1246 1626 1868,
1292 1575 1393 1616 res
1424 1561 1618 1634 gestae
1648 1551 2068 1632 complexione

334 1657 654 1729 latissima,
712 1659 821 1717 sed
862 1659 1176 1718 latronum
1219 1679 1391 1718 more
1437 1657 1644 1738 potius
1691 1677 1875 1736 quam
1913 1654 2067 1713 mili-

335 1769 488 1821 tum.
551 1761 733 1821 Unde
751 1762 985 1820 factum
1017 1768 1112 1821 est
1144 1761 1306 1840 quod
1334 1762 1400 1819 in
1429 1761 1627 1841 plagis
1650 1758 2069 1820 Orientalibus

335 1866 742 1925 labefactetur
795 1866 1134 1925 auctoritas
1185 1866 1575 1945 Anglorum3
1646 1865 2070 1924 convellantur

336 1968 740 2028 fundamenta
785 1968 1113 2028 Societatis
1149 1968 1398 2038 Civilis3
1447 1968 1702 2048 Imperii
1744 1967 2069 2026 facultates

337 2073 636 2133 coarctari
665 2080 922 2152 propter
965 2094 1267 2152 expensas
1312 2073 1528 2143 factaS,
1562 2078 1625 2132 et
1667 2072 1912 2130 sublata
1943 2090 2069 2129 om-

337 2177 441 2235 nia
469 2176 889 2235 moderamina
934 2197 1068 2255 quae
1114 2176 1504 2255 Principibus
1536 2176 1736 2255 Leges
1766 2174 2071 2253 imposue-

335 2286 504 2339 runt.
616 2278 988 2352 Quinimmo,
1037 2300 1164 2339 non
1222 2300 1292 2338 eo
1365 2278 1612 2338 tantum
1675 2278 1812 2348 loci,
1861 2276 2073 2336 verum

338 2383 625 2442 universo
693 2404 934 2461 quoque
990 2382 1054 2440 in
1125 2383 1291 2451 orbe,
1353 2402 1429 2439 ex
1485 2381 1808 2439 hominum
1851 2379 2072 2438 animis

340 2487 579 2546 deletus
622 2493 718 2545 est
750 2471 948 2545 omnis
971 2485 1231 2563 justitiae
1264 2505 1504 2544 sensus.

423 2589 463 2648 J
468 2611 566 2648 am
596 2610 668 2648 ea
699 2609 834 2667 quae
864 2588 929 2646 in
960 2587 1210 2667 Europa
1242 2595 1389 2647 sunt
1418 2587 1581 2647 facta
1611 2587 2072 2647 consideremus

340 2699 605 2773 oportet.

423 2796 608 2854 Anno
641 2794 801 2857 1815
834 2815 934 2854 res
966 2793 1347 2873 aliquatenus
1376 2794 1441 2852 in
1473 2795 1679 2873 quieto
1697 2793 1917 2874 positae
1943 2815 1956 2852 ε
1988 2792 2078 2853 ita

341 2907 552 2960 tamen
602 2905 674 2957 ut
736 2899 937 2957 adhuc
995 2899 1348 2978 jacentibus
1407 2899 1863 2958 conditionibus
1916 2898 2074 2956 anti-

343 3002 550 3082 quitus
610 3002 971 3072 observatiS,
1031 3008 1249 3081 postea
1303 3000 1447 3061 vero
1504 3001 1813 3080 neglectui
1871 3000 2075 3072 datis;

341 3107 543 3166 adhuc
605 3105 791 3165 etiam
846 3105 1088 3184 juribus
1138 3126 1266 3164 non
1314 3104 1622 3164 restitutis
1670 3124 1806 3183 quae
1848 3103 2078 3163 violata

343 3215 562 3279 erant;
611 3208 689 3267 ad
719 3208 782 3266 id
827 3207 992 3287 quod
1029 3207 1174 3267 inde
1214 3207 1505 3286 consequi
1549 3208 1811 3268 debebat
1854 3207 1955 3268 via
1985 3213 2080 3268 est

342 3316 560 3373 strata.
670 3311 915 3376 Foederi
963 3310 1324 3382 Viennensi,
1379 3331 1638 3390 parvum
1700 3318 1845 3392 post
1889 3311 2079 3371 inter·
2186 3386 2193 3392 ι

342 3414 591 3486 vallum,
655 3415 988 3477 subsecuta
1037 3420 1135 3477 est
1185 3434 1258 3475 ea
1316 3434 1452 3494 quae
1512 3413 1708 3476 Sacra
1761 3413 2082 3476 Conventio
