2236 3814
1154 227 1233 286 80

320 392 637 457 fiduciaria
662 415 675 454 :
724 393 907 473 quod,
932 391 1053 452 nisi
1079 412 1148 451 re
1177 392 1410 452 factum
1439 389 1742 452 vidissent
1770 386 2051 448 homines

318 518 637 576 nunquam
666 496 944 556 futurum
985 495 1204 556 merito
1246 494 1658 575 cogitassent3
1706 493 1874 563 dum,
1907 512 2050 552 con-

321 601 645 660 suetudine
665 601 979 671 obcaecati,
1002 600 1304 679 quantum
1328 599 1409 658 sit
1429 599 1548 658 hoc
1567 619 1604 656 a
1624 595 1792 656 recta
1812 595 2052 654 ratione

321 704 681 774 abhorrenS,
707 694 1024 783 nequeunt
1052 703 1278 762 videre.

403 807 536 867 Nec
581 814 789 867 tamen
839 808 914 866 de
960 807 1078 866 hoc
1120 805 1391 885 Collegio
1444 804 1610 865 credi
1655 803 1838 862 debet
1878 800 2055 881 quasi

319 909 886 988 imperfectionibus
962 909 1250 968 humanis
1330 908 1609 988 superius
1680 906 2049 965 haberetur:

319 1033 502 1072 nemo
534 1034 638 1073 eos
668 1021 923 1093 peccato
957 1034 1165 1074 carere
1195 1013 1410 1083 credit,
1442 1031 1624 1071 nemo
1653 1010 1804 1090 ipsis
1834 1007 2055 1068 tribuit

322 1116 724 1195 sapientiam:
795 1117 1092 1196 quidquid
1138 1122 1333 1196 agunt
1389 1136 1500 1195 pro
1550 1114 1721 1193 justo
1767 1112 2051 1182 habetur,

323 1220 488 1298 quod
534 1221 747 1280 dicunt
797 1242 910 1300 pro
951 1242 1096 1280 vero
1144 1241 1272 1279 non
1317 1219 1601 1278 habetur.
1689 1215 2054 1276 Muneribus

322 1324 449 1383 suis
498 1324 838 1383 identidem
883 1325 1016 1383 ideo
1066 1324 1389 1403 privantur
1439 1322 1582 1401 quia
1632 1326 2058 1400 contemptum

320 1427 629 1486 moverint
679 1429 778 1487 vel
823 1427 1242 1507 vituperium3
1318 1434 1380 1486 et
1440 1425 1639 1506 quivis
1688 1445 1901 1484 eorum
1953 1423 2058 1503 qui

320 1530 479 1589 forte
509 1531 792 1590 zonulam
833 1531 1132 1610 arriperet
1173 1530 1454 1600 alienam,
1487 1529 1586 1589 vel
1616 1528 1810 1589 civem
1839 1527 2059 1587 leviter

322 1641 692 1713 percuteret,
725 1634 858 1713 ipse
903 1656 939 1694 a
982 1634 1208 1714 vigiliis
1254 1634 1426 1694 urbis
1473 1633 1684 1693 statim
1715 1632 2055 1712 apprehen-

324 1738 592 1797 deretur.
685 1738 878 1798 Hisce
922 1745 1133 1797 tamen
1162 1759 1290 1797 non
1321 1736 1734 1807 obstantibus,
1766 1736 2057 1795 inventus

321 1840 483 1900 inter
516 1841 686 1920 ipsos
732 1863 893 1901 unus
948 1842 1216 1921 quidam,
1268 1841 1373 1920 qui
1418 1840 1585 1899 nullo
1625 1839 2058 1918 interpellante

321 1945 419 2003 Vel
449 1952 865 2024 oppugnante,
912 1945 1206 2025 plurimas
1257 1944 1578 2004 hominum
1625 1942 1934 2023 myriadas
1980 1942 2060 2001 ad

322 2068 536 2106 necem
568 2047 814 2107 mittere
859 2054 1089 2127 potest,
1123 2054 1186 2106 et
1229 2046 1429 2106 facere
1458 2052 1530 2105 ut
1559 2066 1670 2125 per
1698 2041 2060 2124 publicanos

322 2150 676 2210 hominibus
734 2151 1073 2211 innumeris
1145 2150 1383 2209 nummi
1454 2149 1848 2229 arripiantur,
1922 2154 2059 2207 tum

322 2253 487 2312 inter
520 2254 614 2313 sui
645 2254 833 2332 Regis
868 2255 1169 2324 subditos,
1203 2261 1339 2312 tum
1367 2254 1530 2312 inter
1559 2250 1994 2331 alienigenas*

407 2357 528 2415 Per
577 2358 766 2416 hosce
838 2358 962 2416 fere
1019 2356 1281 2435 triginta
1339 2376 1555 2426 annos,
1614 2354 1896 2414 nonnulli
1951 2375 2062 2433 per

324 2460 643 2538 Europam
675 2460 875 2538 sparsi
919 2459 1295 2518 exstiterunt
1338 2458 1455 2518 viri
1494 2458 1599 2537 qui
1639 2478 1763 2516 uno
1797 2457 2059 2517 forsita-n

325 2569 388 2622 et
419 2563 613 2622 altero
643 2569 878 2642 puncto
908 2562 1206 2643 temporis
1247 2568 1576 2622 senserunt
1617 2562 1848 2621 bellum
1890 2556 2060 2621 illici-

326 2673 462 2725 tum
492 2666 743 2725 nonnisi
781 2666 1182 2726 homicidium
1223 2686 1398 2736 esse3
1449 2666 1557 2724 sed
1599 2686 1678 2724 ne
1722 2685 1884 2724 unus
1931 2666 2060 2745 qui-

327 2772 467 2830 dem
499 2770 774 2830 omnium
817 2771 1095 2851 percepit
1136 2771 1310 2829 nasci
1351 2766 1743 2848 illamqua-m
1775 2770 2061 2829 continue

324 2874 606 2934 videmus
635 2875 1123 2935 internecionem
1169 2880 1231 2934 et
1273 2874 1614 2932 tumultum
1655 2895 1732 2933 ex
1758 2873 1863 2932 illo
1893 2873 2060 2953 prin-

326 2977 483 3057 cipio
533 2977 609 3036 de
655 2997 783 3036 non
811 2977 1141 3057 puniendis
1191 2976 1518 3036 Ministris.
1609 2975 1791 3050 Quod
1822 2976 1874 3036 si
1902 2975 2062 3036 forte

394 3158 421 3183 ⁴*
456 3158 535 3203 Ex
583 3174 681 3220 quo
716 3163 937 3221 tempore
971 3157 1088 3217 haec,
1132 3158 1192 3204 de
1238 3157 1417 3220 quibus
1463 3156 1756 3220 scripsimus,
1805 3157 2064 3205 exordium

326 3233 603 3292 habuerint,
631 3235 891 3297 triplicatae
914 3235 1116 3282 fuerunt
1149 3234 1203 3280 in
1227 3232 1424 3296 Europa
1447 3234 1683 3282 militares
1707 3251 1930 3298 expensae
1949 3252 1963 3296 3
1999 3226 2064 3282 ex

329 3326 426 3372 quo
449 3314 668 3372 tempore
690 3328 866 3375 nempe
891 3311 1271 3365 Palmerstunius
1304 3311 1522 3359 externis
1544 3312 1825 3375 Anglorum
1855 3311 2064 3376 negotiis
2088 3321 2091 3325 ’

328 3391 402 3434 est
424 3387 696 3449 praefectus,
721 3394 772 3436 et
796 3388 1015 3436 Poloniae
1037 3388 1241 3437 libertas
1263 3388 1507 3436 subversa.
