2236 3814
1083 249 1160 309 68

271 434 476 478 sensu·
506 414 689 495 hujus
738 412 993 494 periculi
1039 413 1235 473 oritur
1274 431 1415 492 spes
1458 410 1564 471 illa
1599 424 1783 491 quam
1811 408 1995 471 modo

267 519 717 599 expressimus3
791 517 923 576 fore
989 536 1212 595 nempe
1283 522 1357 575 ut
1415 515 1632 574 exinde
1689 514 1994 593 aliquibus
2084 517 2091 532 ⁸

270 623 716 703 persuadeatur
765 627 837 679 ut
885 620 951 679 id
1007 625 1307 699 praestent
1359 620 1524 698 quod
1577 617 1996 678 necessarium

271 727 491 797 fuerit3
557 725 788 785 scilicet
830 729 903 782 ut
951 723 1017 782 in
1057 729 1442 783 antecessum
1485 722 1841 802 perficiatur
1878 721 1996 782 hoc

271 850 427 909 opus
458 827 732 898 Concilii,
765 833 948 905 atque
976 832 1047 885 ut
1074 827 1227 885 bene
1255 825 1627 906 perficiatur.

353 929 571 1008 Neque
588 929 731 990 vero
749 929 901 987 illud
921 927 1522 1008 praetermittendum
1545 933 1659 999 est,
1683 926 1997 1007 integrum

270 1035 530 1115 publicae
586 1033 955 1094 moralitatis
1014 1053 1302 1112 campum
1359 1053 1396 1092 a
1443 1031 1679 1091 recenti
1726 1031 1995 1111 philoso-

270 1138 536 1217 phorum
566 1135 1117 1215 disceptationibus
1141 1135 1329 1194 fuisse
1357 1135 1710 1214 neglectum
1735 1156 1751 1206 ;
1784 1133 1995 1193 Eccle-

273 1240 379 1300 siae
439 1240 669 1300 scilicet
739 1239 1100 1298 lustrandus
1171 1238 1558 1316 relinquitur.
1685 1237 1862 1297 Inter
1925 1257 1998 1298 ea

272 1341 479 1415 omnia
523 1361 658 1419 quae
702 1340 1165 1420 investigationi
1216 1346 1363 1400 sunt
1415 1339 1739 1412 submissa,
1790 1340 1997 1400 nullus

268 1444 384 1503 fuit
415 1464 613 1503 sermo
645 1445 719 1503 de
750 1444 921 1503 Bello
951 1444 1359 1523 impediendo.

355 1545 671 1625 Quotquot
713 1546 1001 1606 inivimus
1046 1547 1298 1606 consilia
1338 1546 1405 1605 in
1452 1547 1843 1607 commodum
1882 1546 1999 1607 'hu-

271 1649 439 1709 mani
495 1649 759 1729 generiS,
805 1650 1039 1708 nullam
1087 1649 1451 1709 methodum
1494 1650 1837 1711 audivimus
1883 1650 2002 1730 qua

273 1753 543 1812 minores
587 1753 740 1812 fiant
783 1753 1401 1832 Rerumpublicarum
1448 1773 1749 1832 expensae.
1839 1753 1998 1815 Con-

272 1862 580 1918 venerunt
654 1856 815 1935 saepe
884 1855 1167 1915 homines
1233 1862 1305 1914 ut
1368 1855 1770 1916 imbecillibus
1841 1855 2000 1918 ferre

273 1959 519 2039 possint
541 1958 853 2028 auxilium,
887 1964 950 2016 et
977 1956 1198 2036 injuria
1227 1957 1500 2029 affectis3
1549 1959 1628 2017 ad
1655 1958 2001 2020 honestatis

274 2063 556 2142 publicae,
589 2082 850 2131 morum,
884 2066 947 2120 et
991 2060 1135 2120 boni
1179 2060 1521 2120 communis
1559 2060 1998 2133 defensionem,

272 2166 474 2225 nullos
558 2164 916 2224 convenisse
994 2164 1299 2225 novimus.
1415 2165 1602 2224 Multi
1683 2166 2004 2226 consilium

273 2269 543 2328 inierunt
600 2268 1067 2347 Rempublicam
1115 2274 1154 2300 ‘⁶
1184 2268 1560 2327 reformandi
1581 2268 1647 2340 '’;
1693 2291 1876 2330 nemo
1927 2270 2003 2330 de

274 2371 573 2429 ministris
605 2371 974 2440 coercendis,
1006 2370 1521 2448 prohibendisque
1550 2391 1629 2430 ne
1658 2391 1771 2450 pro
1799 2372 2004 2431 lubitu

276 2473 638 2551 sanguinem
667 2473 1049 2551 profundant
1081 2472 1323 2543 civium,
1345 2479 1407 2531 et
1436 2493 1583 2552 opes
1615 2480 2000 2534 consumant.

361 2573 718 2635 Conventus
761 2575 944 2653 hujus
987 2575 1328 2653 negotium,
1363 2576 1581 2636 saltem
1619 2576 2000 2656 primarium,

276 2679 342 2738 in
401 2678 895 2758 perturbationes
940 2685 1294 2757 grassantes
1336 2679 1723 2751 refrenando,
1768 2702 1894 2741 non
1939 2682 2006 2742 in

279 2783 571 2861 dogmata
625 2781 724 2841 vel
789 2781 1172 2860 disciplinam
1234 2782 1620 2855 stabiliendo,
1678 2791 2000 2858 versatum

276 2883 486 2962 igitur,
507 2903 634 2941 non
655 2882 720 2940 in
751 2881 1210 2942 Catholicorum
1239 2883 1499 2956 tantum,
1523 2886 1631 2944 sed
1658 2885 1723 2945 in
1752 2864 2006 2947 humani

279 2985 523 3065 generis
598 2984 866 3063 gratiam
918 2983 1260 3045 Concilium
1310 2993 1703 3048 convocatur.
1818 2987 1903 3048 Et
1953 2988 2006 3049 si

278 3087 456 3162 alicui
483 3086 800 3166 profuerit,
823 3087 954 3166 jam
982 3087 1255 3166 proderit
1284 3087 1586 3148 omnibus

365 3188 614 3262 Omnes,
668 3211 929 3269 quorum
976 3189 1253 3261 interest,
1293 3189 1359 3248 in
1415 3197 1655 3270 partem
1711 3192 2006 3255 delibera-

279 3291 521 3367 tionum
565 3293 806 3352 admitti
856 3293 1050 3353 decet.
1138 3293 1222 3352 Et
1276 3291 1490 3353 revera
1539 3294 1619 3354 ad
1665 3293 2007 3358 Concilium

282 3392 714 3457 Tridentinum
770 3401 1005 3462 vocatae
1064 3400 1213 3467 sunt
1272 3394 1552 3461 civitates
1604 3397 1792 3461 etiam
1855 3397 2008 3462 Pro,-
