2236 3814
1052 250 1129 321 65

239 410 242 411 ⁷
291 420 382 483 Ut
425 427 636 483 autem
671 422 751 482 ad
796 421 916 482 hoc
946 410 1326 495 deveniatur,
1358 444 1613 485 necesse
1657 432 1754 486 est
1782 433 1855 486 ut
1882 425 1950 487 id

205 525 476 607 perfecte
533 531 598 586 et
655 526 937 586 absolute
993 546 1363 607 persuasum
1419 527 1745 600 habeatur,
1791 530 1950 590 nihil

206 629 462 711 prorsus
505 630 712 691 valere
764 630 1191 710 quodcunque,
1243 630 1309 689 in
1350 629 1464 690 hac
1523 630 1643 710 qua
1683 632 1949 692 vivimus

208 740 414 806 aetate,
445 754 559 815 pro
590 732 654 794 vi
681 732 1034 794 intellectus
1057 739 1402 814 reputetur,
1430 734 1725 814 cultuque
1753 735 1950 815 philo-

209 838 483 918 sophico.
546 837 747 912 Quam
779 837 895 898 sibi
923 837 1390 917 persuasionem
1420 838 1751 918 unicuique
1771 859 1949 900 suam

206 940 409 1001 facere
454 941 685 1012 licebit,
735 940 920 1002 modo
965 942 1118 1002 velit
1162 942 1261 1002 vel
1290 963 1479 1002 unam
1521 943 1794 1003 auctoris
1843 943 1950 1002 ali-

208 1044 382 1125 cujus
411 1044 696 1105 hodierni
727 1045 1099 1105 sententiam
1131 1066 1392 1118 sumere,
1417 1053 1480 1106 et
1509 1047 1718 1106 omnia
1747 1047 1949 1107 delere

206 1148 510 1209 vocabula
568 1169 705 1228 quae
764 1169 842 1209 ex
911 1147 1131 1211 Graeco
1206 1149 1567 1210 deriventur
1624 1150 1796 1210 fonte
1851 1152 1951 1211 vel

208 1251 455 1313 Latino,
563 1251 747 1327 Quod
815 1253 1124 1333 reliquum
1198 1260 1296 1315 est
1366 1255 1661 1335 legatur:
1738 1254 1952 1316 omissi
2055 1292 2058 1294 -

207 1355 458 1416 termini
488 1354 566 1415 ad
595 1356 749 1415 nihil
778 1356 1111 1418 inservisse
1141 1364 1476 1419 cernentur
1499 1380 1515 1429 3
1557 1358 1948 1438 significatiO,

213 1446 418 1539 siqua
461 1459 681 1532 adfuit,
726 1460 922 1520 libera
972 1461 1270 1533 manebit,
1317 1461 1576 1522 fallaciae
1621 1461 1951 1522 denudatae

208 1563 660 1643 relinquentur.

295 1667 460 1727 Ante
491 1667 702 1728 oculos
731 1665 924 1746 igitur
962 1666 1285 1728 hominum
1313 1666 1378 1726 id
1406 1666 1556 1748 poni
1586 1668 1790 1740 debet,
1816 1667 1953 1728 illas

211 1769 662 1851 speculationes
686 1770 909 1850 quibus
938 1771 1121 1831 hodie
1150 1770 1337 1851 vulgo
1366 1771 1766 1843 incumbitur,
1790 1772 1957 1852 quod

211 1875 292 1935 ad
335 1874 616 1955 politiam
667 1875 913 1947 attinet,
967 1895 1104 1935 esse
1147 1875 1396 1947 futiles3
1446 1875 1527 1935 ad
1566 1875 1957 1956 Religionem

212 1983 277 2038 et
294 1998 540 2038 morum
557 1979 830 2058 regulas,
865 1978 1300 2051 detestabiles3
1350 1980 1740 2059 easdemque,
1771 1979 1953 2040 intel-

209 2080 379 2141 lectu
397 2080 600 2153 tenus,
627 2082 848 2161 dignas
874 2102 1009 2142 esse
1030 2103 1165 2161 quae
1191 2083 1579 2162 contemptui
1596 2084 1949 2143 tradantur.

296 2183 449 2259 Quae
520 2185 783 2265 proinde
855 2185 1082 2258 omnia,
1163 2207 1239 2246 ex
1324 2187 1774 2267 Metaphysicis
1848 2188 1951 2247 de-

213 2293 465 2368 sumpta
495 2287 858 2368 disciplinis,
900 2288 1072 2368 prius
1103 2289 1432 2349 tractanda
1480 2296 1627 2350 sunt
1676 2288 1952 2350 Concilio

201 2391 334 2472 jam
362 2390 618 2451 indicto,

297 2494 480 2570 Quod
521 2495 600 2555 ad
641 2495 874 2556 scelera
918 2502 1182 2577 spectat,
1214 2495 1693 2556 fundamentum
1722 2495 1956 2576 pariter

202 2597 444 2679 jactum
473 2605 591 2670 est,
626 2619 768 2659 cum
811 2600 1118 2660 PONTIFEX
1160 2600 1378 2660 ROMAN
1390 2618 1457 2660 us
1503 2620 1680 2660 suam
1709 2600 1774 2659 in
1805 2621 1949 2661 con-

213 2701 504 2762 scientias
536 2703 973 2764 auctoritatem
992 2703 1388 2783 proclamarit
1410 2725 1538 2764 non
1563 2703 1953 2783 singulorum

211 2806 483 2877 tantum,
519 2806 629 2866 sed
659 2812 723 2866 et
754 2806 1308 2879 Communitatum,
1336 2806 1651 2879 Gentium,
1675 2807 1952 2887 ipsorum

212 2908 477 2989 denique
527 2909 908 2990 Principum.
997 2910 1180 2971 Hanc
1238 2918 1448 2972 autem
1514 2911 1951 2972 auctoritatem

211 3012 490 3074 nondum
519 3013 776 3074 deduxit
819 3015 899 3075 ad
943 3021 1190 3087 actum3
1237 3036 1352 3076 nec
1397 3015 1700 3075 deducere
1745 3021 1955 3094 potest

214 3123 550 3197 antequam
650 3118 784 3179 Lex
882 3119 1045 3200 ipsa·
1110 3119 1298 3179 fuerit
1406 3119 1660 3198 praecise
1749 3118 1952 3198 desig-

214 3224 382 3279 nata.
492 3219 676 3294 Quod
735 3222 984 3302 quidem
1041 3222 1176 3283 fieri
1234 3228 1484 3302 oportet
1553 3241 1681 3281 non
1754 3221 1953 3281 solum

219 3321 424 3401 quoad
452 3322 644 3395 Bella,
676 3325 894 3386 verum
924 3326 1114 3386 etiam
1145 3324 1350 3405 quoad
1380 3325 1761 3404 Legatorum
1794 3323 1953 3386 Con-

216 3442 490 3504 gressus,
549 3425 828 3502 Foedera,
887 3430 1259 3491 Protocolla.
1348 3427 1619 3501 Etenim,
1684 3435 1758 3490 ut
1803 3428 1956 3489 nihil

1073 3549 1096 3590 1
