2236 3814
1048 228 1124 286 58

228 415 384 474 quae,
424 400 496 453 ut
519 413 659 469 cum
701 393 917 452 eodem
958 389 1259 451 Ponbifice
1300 390 1537 469 loquar,
1571 388 1700 447 “in
1743 392 1954 467 partes

226 498 455 557 detrita
473 497 657 576 jaceb.
666 495 703 522 ’'

312 600 446 674 Qua
475 602 551 661 de
579 620 647 659 re
675 599 764 659 iba
791 543 1195 679 philosophus
1226 597 1474 677 quidam
1504 594 1736 666 Gallus,
1769 615 1806 654 a
1833 592 1953 652 fide

229 703 577 764 Christiana
606 722 885 763 aversus:
936 708 973 735 ‘⁶
998 702 1094 762 Ne
1122 700 1274 759 mihi
1306 700 1535 760 referas
1568 697 1951 766 Gssneomtm,

227 806 501 877 LEONEM,
561 806 885 876 URBANUM,
946 805 1385 874 INNoonNTIUM,
1446 802 1720 880 aliosque
1791 819 1955 859 com-

227 908 544 987 plurimos,
578 907 682 986 qui
711 907 874 966 mille
904 907 1126 966 abhinc
1170 905 1345 965 annis
1374 903 1599 984 magna
1629 901 1955 964 sanctitate

224 1011 584 1070 floruerunt.
675 1010 815 1070 Hoc
873 1011 1036 1069 enim
1092 1009 1426 1089 poscimus,
1475 1014 1547 1066 ub
1602 1007 1735 1086 ipse
1791 1023 1956 1064 nunc

228 1121 478 1174 sanctus
511 1114 614 1185 sis,
646 1120 719 1172 ub
746 1114 1005 1193 proinde
1044 1112 1415 1173 universitas
1444 1111 1695 1170 moralis
1724 1129 1955 1179 rerum,

226 1237 350 1275 uno
383 1236 704 1286 consensU,
738 1217 817 1274 ad
845 1222 988 1275 tuos
1018 1216 1205 1295 pedes
1234 1211 1739 1294 provolvatur.''*

309 1320 598 1378 Minisber
664 1320 1030 1378 Protesbans
1089 1318 1355 1397 quidam,
1414 1337 1611 1395 nuper
1667 1315 1955 1375 Decanus

228 1421 520 1480 Ecclesiae
554 1420 614 1481 S.
649 1421 827 1479 Pauli
870 1422 1034 1501 apud
1077 1421 1444 1490 Londinum,
1478 1420 1627 1477 dum
1667 1419 1742 1477 de
1769 1418 1955 1477 rebus

228 1524 486 1584 anbehac
505 1525 697 1604 gesbis
720 1525 1033 1595 scribereb,
1057 1525 1222 1603 quod
1238 1544 1402 1582 nunc
1422 1523 1555 1582 fieri
1571 1528 1779 1602 potest
1796 1520 1952 1580 indi-

229 1628 418 1698 cavib3
456 1627 816 1688 “GREeofflo
838 1629 925 1687 M.
949 1629 1291 1707 Regnante,
1324 1626 1611 1686 Pontifex
1638 1626 1957 1685 Romanus

225 1731 588 1811 primum,re
609 1732 853 1811 quidem
873 1738 935 1792 eb
958 1732 1345 1802 auctoritate,
1361 1731 1457 1790 sin
1466 1729 1668 1789 minus
1687 1729 1955 1800 nomine,

228 1835 522 1913 Princeps
557 1834 765 1894 Civilis
798 1835 1011 1894 evasib.
1072 1834 1286 1913 Neque
1315 1833 1460 1894 vero
1489 1853 1602 1913 pro
1637 1832 1961 1892 conatibus

229 1936 571 1997 ambitiosis
593 1937 860 1995 habendi
883 1943 1029 1996 sunb
1050 1937 1245 2016 ipsius
1269 1942 1465 2007 acbus,
1487 1935 1661 2014 quasi
1682 1935 1961 1995 Ecclesia

227 2039 293 2096 in
328 2039 470 2116 jura
507 2038 715 2098 Civilis
759 2040 1099 2099 Potestabis
1141 2060 1225 2100 se
1265 2039 1688 2099 intromiserit.
1778 2036 1954 2110 Quae-

230 2161 470 2219 cunque
495 2142 641 2220 egit,
670 2163 745 2202 ex
765 2143 1114 2221 purioribus
1137 2143 1552 2222 procedebanb
1570 2141 1838 2213 motiviS,
1864 2141 1962 2201 vel

229 2243 363 2322 ipsa
384 2246 754 2305 necessitabe
778 2252 1056 2325 cogente.
1132 2245 1332 2319 Quum
1356 2245 1663 2326 principes
1683 2244 1960 2324 legibimi,

230 2346 524 2406 incuriosi
552 2348 766 2426 ubique
811 2356 874 2407 et
915 2348 1165 2418 inerteS,
1204 2348 1571 2407 auctoritate
1616 2368 1750 2408 sese
1793 2348 1961 2407 abdi-

233 2447 494 2519 cassem,
527 2449 688 2508 hanc
722 2450 1064 2528 suscipereb
1092 2449 1398 2519 Pontifex,
1430 2470 1681 2509 necesse
1711 2456 1865 2521 erat,
1895 2450 1962 2509 ni

232 2551 423 2611 vellet]
445 2551 680 2610 Urbem
705 2552 1131 2631 Populumque
1156 2553 1458 2612 anarchiae
1490 2553 1784 2613 deditum.
1845 2553 1957 2626 Ea,

236 2652 353 2731 qua
403 2654 712 2731 gaudebat
756 2654 1111 2726 auctoritas,
1156 2656 1464 2714 communi
1507 2657 1780 2716 omnium
1824 2677 1966 2735 conf

238 2775 426 2815 sensu
453 2756 787 2828 nitebamur,
815 2757 918 2836 qui
949 2778 1084 2817 eam
1111 2759 1446 2818 beneficam
1467 2759 1880 2839 judicarent.’'
1906 2762 1943 2828 †

318 2858 408 2916 At
456 2859 619 2929 vero,
661 2880 787 2919 non
836 2860 1040 2919 minus
1091 2867 1187 2920 est,
1231 2861 1519 2920 Pontifex
1560 2862 1726 2921 inter
1759 2863 1965 2942 Reges

234 2960 682 3021 nominandus:
731 2981 807 3020 ex
844 2961 1200 3042 Principum
1244 2983 1431 3043 grege
1468 2964 1791 3024 habendus
1829 2971 1926 3025 est
1943 2986 1962 3037 3

232 3062 299 3125 in
327 3064 402 3124 iis
431 3070 642 3124 tamen
669 3064 937 3144 negotiis
966 3084 1284 3145 nunquam
1315 3086 1450 3127 sese
1478 3066 1832 3141 immiscuit,
1852 3089 1966 3149 per

418 3288 446 3313 ὕ
481 3293 516 3316 “
533 3288 680 3343 Fides
704 3290 1028 3352 Christiana?
1051 3307 1096 3355 p.
1123 3291 1202 3339 59.
1274 3292 1368 3340 Est
1390 3308 1511 3356 opus
1535 3293 1770 3351 Quinetii.

412 3365 444 3419 †
479 3367 510 3392 ‘⁴
526 3365 777 3431 Milman's
811 3368 962 3420 Latin
996 3367 1360 3431 Ohfistianity‚”
1383 3373 1501 3419 tom.
1526 3370 1577 3419 ii.
1603 3387 1649 3435 p.
1681 3372 1790 3422 130.
