2236 3814
1138 255 1212 322 72

302 427 569 508 propriis
606 426 908 508 judicium
957 427 1165 488 ferunt
1207 428 1501 499 moribUS,
1553 448 1681 489 non
1726 427 1909 488 aliam
1955 428 2034 488 ob

307 551 556 592 causam
586 530 823 592 'Furcas
869 531 947 590 ab
992 531 1392 611 aggressione
1420 537 1500 605 >et
1534 531 1692 590 dolis
1723 531 2036 591 abstinere

305 654 489 713 quam
521 633 685 714 quod
726 633 880 714 ipsis
926 634 1117 695 ceteri
1161 635 1336 695 dolos
1378 634 1713 694 intentant.
1798 634 1888 693 At
1915 633 2034 694 hoc

304 736 550 796 admitti
591 735 842 796 minime
886 742 1133 816 potest:
1184 735 1442 796 sublatis
1482 735 1646 795 enim
1690 735 1819 814 ejus
1849 734 2033 796 mori-

301 839 419 899 bus
449 846 512 900 et
540 840 765 912 indole,
800 861 836 899 a
866 841 1035 900 nullo
1080 840 1421 900 Potentatu
1462 839 1660 919 majus
1697 839 2035 919 periculum

303 942 570 1022 Europae
602 943 1005 1014 incubuisset,
1041 964 1223 1022 quam
1268 944 1345 1002 ab
1390 963 1461 1002 eo
1507 942 1606 1002 cui
1647 948 1875 1022 praeter
1915 941 2036 1003 loci

305 1046 853 1125 opportunitatem,
877 1046 1174 1106 suasisset
1194 1045 1383 1106 libido
1405 1046 1726 1107 commoda
1745 1044 2031 1125 augendi,

303 1149 403 1209 vel
433 1156 718 1229 acceptas
748 1149 1002 1228 injurias
1025 1149 1394 1209 vindicandi.
1485 1149 1852 1229 Exemplum
1878 1149 2032 1208 desi-

305 1252 522 1311 deras?
611 1252 709 1310 En
740 1251 854 1310 tibi
883 1253 1250 1332 praeclarum
1280 1273 1357 1311 ex
1379 1273 1540 1312 anno
1567 1253 1726 1311 1812
1747 1251 2030 1330 petitum.

305 1354 545 1415 Turciae
575 1355 772 1414 multa
800 1362 936 1414 tum
967 1376 1003 1414 a
1034 1354 1229 1414 Gallia
1270 1361 1403 1413 tum
1450 1355 1526 1414 ab
1556 1353 1784 1434 Anglia
1812 1375 2031 1433 passae,

303 1458 630 1536 proposuit
690 1456 920 1516 Russia
979 1465 1232 1536 pactum
1291 1457 1631 1516 ineundum
1693 1457 1867 1536 cujus
1912 1457 2034 1517 vir-

303 1566 440 1619 tute
497 1560 725 1619 bellum
777 1559 1229 1640 susciperetur:
1305 1559 1470 1619 terra
1523 1559 1801 1639 marique
1844 1559 2036 1640 copiis

303 1661 562 1732 collatis,
617 1662 845 1721 classes
905 1662 1248 1741 conjunctae
1297 1683 1467 1721 mare
1509 1662 2036 1722 Mediterraneum

301 1764 798 1844 ingrederentur,
844 1764 1150 1824 exercitus
1196 1764 1650 1824 Lombardiam.
1740 1764 1819 1823 Id
1870 1765 2035 1844 quod

304 1867 651 1927 somniabat
675 1866 819 1927 olim
837 1867 1235 1927 Mahumetus
1255 1867 1368 1939 IL,
1396 1867 1735 1926 Turcarum
1757 1868 2034 1928 oblatum

303 1975 399 2031 est
429 1968 639 2040 oculis,
674 1991 793 2049 quo
825 1991 952 2030 non
983 1970 1168 2029 Italia
1210 1971 1458 2029 tantum
1499 1971 1608 2029 sed
1638 1970 1825 2030 etiam
1854 1970 2033 2031 meri-

302 2072 574 2132 dionales
625 2072 836 2132 Galliae
881 2073 1214 2153 provinciae
1259 2072 1579 2133 ambitioni
1623 2094 1748 2133 suae
1788 2074 2032 2134 exhibe-

299 2182 534 2235 rentur.
625 2175 760 2249 Qua
789 2176 864 2235 de
893 2197 961 2235 re
984 2176 1324 2236 communis
1354 2176 1793 2259 nonnullorum
1817 2180 2033 2238 sensus

303 2278 579 2338 sufficere
602 2279 876 2358 profecto
906 2279 1213 2359 potuisset
1243 2280 1323 2338 ad
1351 2279 1749 2358 rejiciendum
1779 2300 2032 2359 sugges-

300 2379 502 2438 tiones
533 2381 904 2439 tentatoris:
963 2381 1057 2439 sin
1103 2387 1311 2440 autem
1354 2380 1418 2439 in
1462 2380 1701 2440 DIVANO
1743 2380 2033 2443 inventus

301 2481 520 2540 fuisset
578 2481 798 2560 aliquis
873 2482 1166 2552 KAUNITZ,
1228 2482 1448 2553 BEus'r‚
1507 2483 1606 2542 vel
1677 2483 2030 2557 BISMAch;

301 2583 479 2643 dolus
537 2589 747 2642 tamen
805 2583 990 2642 etiam
1045 2583 1396 2662 hujusmodi
1450 2583 1787 2656 hominum,
1849 2593 2034 2666 atque

301 2685 636 2765 corruptio,
661 2686 727 2744 in
749 2686 1070 2766 proprium
1092 2686 1368 2765 ipsorum
1399 2687 1663 2748 dedecus
1696 2689 1994 2750 evasisset
2016 2713 2051 2751 :.

300 2788 364 2847 in
408 2788 512 2847 illa
548 2787 746 2848 Gente
796 2788 902 2848 ubi
951 2809 1062 2868 per
1112 2788 1311 2868 Leges
1364 2790 1666 2849 sancitum
1711 2791 1897 2852 fuerit
1940 2799 2030 2865 ut,

301 2891 450 2950 talia
480 2898 812 2970 antequam
857 2891 1205 2951 executioni
1247 2893 1712 2965 mandarentur,
1746 2894 1822 2954 de
1863 2894 1938 2954 iis
1967 2895 2033 2955 in

299 2993 544 3074 publico
577 3013 874 3053 consessu
902 3000 1271 3072 rogarentur
1302 2994 1624 3054 sententiae
1655 2995 1947 3068 omnium,
1970 3004 2034 3058 et

302 3096 510 3155 debita
540 3116 650 3175 per
679 3096 926 3155 FETVAM
955 3096 1285 3156 haberetur
1314 3096 1704 3176 approbatio:
1740 3098 2030 3161 Summus

301 3197 703 3279 Imperatoris
735 3198 980 3259 Turcici
1026 3197 1442 3270 Consiliarius‚
1488 3199 1595 3258 ubi
1639 3207 1926 3278 ageretur
1955 3199 2032 3263 de

300 3298 404 3360 illa
433 3301 839 3363 conventione
867 3299 1250 3382 Belgradica,
1280 3301 1655 3363 Austrorum
1686 3302 2030 3366 Gallorum-

301 3423 418 3483 que
437 3403 706 3484 Legatos
736 3405 1074 3482 alloquens,
1099 3403 1259 3465 dixit
1285 3425 1299 3465 ε
1349 3410 1387 3438 “
1407 3404 1711 3466 Nostrum
1728 3405 2031 3487 ignoratis
