2236 3814
1142 207 1218 267 76

316 379 453 458 ipsa
481 376 797 438 beneficiis
843 382 1060 436 sancta
1100 374 1424 444 redditur;
1471 372 1615 432 hinc
1658 377 1755 431 est
1787 370 1951 450 quod
1980 390 2051 428 ea

317 481 716 541 incredulitas
737 478 854 560 qua
869 500 1034 538 nunc
1057 478 1371 557 Europam
1401 477 1728 536 obductam
1747 474 2048 542 videmUS,

317 593 469 645 tunc
526 584 779 665 prorsus
837 584 1259 663 ignorabatur.
1349 581 1427 640 In
1483 579 1834 660 primordiis
1887 577 2051 637 enim

317 711 528 749 rerum
557 689 742 748 homo
775 688 982 748 omnia
1010 687 1076 745 in
1105 686 1424 766 Religione
1452 685 1723 744 habebat
1749 705 1762 742 :
1811 681 2052 760 Religio

317 799 455 851 tum
498 792 924 851 Moderatores
971 789 1422 869 suppeditabat,
1459 793 1597 846 tum
1639 786 1841 844 fidem.
1931 783 2052 843 De-

318 897 566 956 ficiente
585 895 924 975 Religione,
949 891 1261 953 Gubernia
1281 896 1682 951 surrexerunt
1702 887 2051 950 Saecularia.

318 1001 360 1060 J
363 1022 463 1060 am
509 1001 765 1060 tandem
814 997 1128 1059 Gubernia
1170 997 1238 1056 6ὸ
1284 997 1664 1056 devenerunt
1693 1000 1764 1052 ut
1796 999 1836 1024 ‘⁶
1862 1013 1935 1050 ex
1977 992 2052 1050 iis

315 1104 469 1184 ipsis
543 1103 893 1164 conflentur
965 1101 1239 1160 moribus
1313 1100 1391 1158 ad
1464 1118 1617 1178 quos
1679 1097 2053 1176 abjiciendos

316 1207 547 1266 fuerint
575 1206 868 1265 instituta
879 1204 996 1275 3⁹³*
1042 1209 1113 1262 ut
1155 1203 1541 1281 Religionem
1576 1206 1876 1280 respuant
1917 1221 2054 1279 quae

317 1312 701 1390 agendorum
735 1309 1043 1387 Magistra
1087 1307 1187 1377 sit,
1227 1308 1375 1365 dum
1417 1313 1624 1364 tamen
1673 1305 1803 1382 ejus
1844 1311 2053 1363 aucto-

316 1413 503 1472 ritate
547 1419 809 1471 utantur
853 1411 932 1469 ad
974 1410 1248 1468 facinora
1289 1408 1797 1467 commendanda.
1887 1407 2055 1467 Hinc

316 1516 389 1574 fit
417 1522 490 1574 ut
516 1514 747 1575 Seditio
782 1514 965 1573 simul
994 1519 1058 1572 et
1086 1512 1450 1571 Atheismus
1480 1512 1932 1571 incrementum
1958 1532 2055 1571 ac-

318 1620 550 1699 cipiant
580 1625 642 1679 et
673 1618 1099 1677 diffusionem:
1166 1636 1301 1695 quae
1338 1621 1550 1674 tamen
1587 1615 1786 1673 adhuc
1821 1615 2057 1673 nullam

321 1723 438 1782 sibi
468 1723 821 1782 instruxere
850 1722 1014 1781 viam
1053 1721 1218 1779 inter
1262 1740 1365 1778 eas
1399 1719 1631 1779 Gentes
1677 1739 1811 1797 quae
1833 1719 1911 1777 ad
1934 1718 2056 1778 huc

319 1827 400 1886 ad
431 1827 632 1906 Leges
662 1825 1004 1905 respiciunt
1033 1826 1332 1903 tanquam
1362 1825 1442 1883 ad
1476 1829 1716 1903 partem
1747 1823 2058 1902 quandam

320 1930 682 2009 Religionis,
730 1936 792 1989 et
852 1929 1071 2008 quibus
1115 1927 1332 2006 ignota
1386 1933 1666 1986 remanet
1719 1927 2055 1998 distinctiO,

318 2033 487 2093 haud
535 2033 625 2092 ita
676 2033 779 2091 diu
829 2031 1096 2111 primum
1152 2031 1315 2089 inter
1376 2029 1761 2090 Christianos
1822 2036 2054 2102 exorta,

311 2138 493 2217 juxta
533 2158 718 2216 quam
770 2136 948 2195 aliter
993 2135 1068 2195 de
1114 2135 1519 2213 singulorum,
1567 2134 1748 2193 aliter
1790 2136 1937 2194 vero
1982 2136 2058 2195 (16

322 2241 752 2301 universorum
781 2239 1055 2299 moribus
1089 2245 1420 2298 statuatur.
1509 2239 1599 2298 Ut
1626 2239 1814 2317 probe
1843 2259 2057 2299 nosca-

320 2365 460 2403 mus
507 2345 816 2423 quomodo
862 2343 1024 2402 hanc
1052 2363 1185 2401 rem
1221 2342 1588 2401 aestimaturi
1619 2342 1744 2401 sint
1772 2343 2056 2403 Modera-

319 2454 489 2507 tores
543 2446 829 2525 Europae,
885 2451 1130 2525 oportet
1188 2445 1647 2504 consideremus
1701 2445 1849 2524 quid
1904 2447 2056 2527 ipsis

322 2571 397 2610 ex
442 2550 571 2628 ejus
619 2570 912 2609 successu
963 2548 1045 2608 sit
1093 2554 1541 2628 proventurum
1561 2570 1577 2619 ;
1651 2570 1851 2628 neque
1895 2550 2059 2610 enim

325 2652 660 2732 quidquam
688 2653 787 2712 vel
815 2651 1014 2732 primo
1045 2651 1212 2730 ipsos
1242 2651 1412 2712 fallet
1447 2658 1722 2732 aspectU.

407 2757 585 2816 Tunc
642 2756 905 2835 denique
979 2775 1337 2816 successum
1396 2755 1700 2815 obtinebit
1756 2757 2060 2817 Pommx

322 2860 620 2920 ROMANUS
670 2859 915 2939 quando
963 2859 1259 2938 cujusque
1309 2857 1525 2919 Gentis
1573 2859 1736 2919 cives
1767 2860 1843 2920 de
1871 2861 2082 2921 rebus*

324 2963 519 3042 gestis
589 2963 896 3043 inquirere
966 2961 1329 3041 inceperint,
1388 2964 1600 3021 utrum
1673 2963 1798 3023 sint
1867 2965 2055 3025 licita.

325 3065 568 3126 Exinde
613 3086 845 3127 novum
891 3065 1192 3145 potestati
1236 3065 1576 3146 tyrannicae
1617 3074 1910 3147 exsurget
1953 3069 2061 3128 ob·

327 3170 654 3230 staculum.
742 3169 905 3229 Illud
956 3167 1143 3229 etiam
1198 3168 1264 3227 in
1319 3169 1661 3248 periculum
1719 3148 2061 3243 adducetur

1029 3367 1057 3398 *
1096 3367 1366 3431 LyttletOn.
