2236 3814
1099 241 1175 299 79

255 396 631 488 respondere
660 413 920 487 possent
951 406 1058 485 qui
1088 405 1204 465 sibi
1231 405 1352 465 hoc
1380 406 1772 486 privilegium
1803 406 2005 466 conci-

256 510 515 570 liassent
543 509 825 590 ipsorum
857 508 1143 569 subditos
1180 509 1444 588 cogendi
1474 515 1545 567 1113
1569 509 1769 589 Leges
1798 516 2005 568 trans-

258 615 642 696 grediantur.
710 614 800 674 At
827 635 956 674 non
984 614 1075 672 ita
1103 612 1338 673 factum
1369 618 1502 683 est3
1551 613 1799 672 omnino
1829 613 2008 672 aliter

257 741 359 780 res
385 720 610 780 evenit.
680 718 890 778 Primo
921 718 1149 778 etenim
1171 717 1484 776 Ministris
1514 716 1888 795 permissum
1912 722 2010 775 est

258 833 332 884 ut
359 825 657 884 mandata
702 824 1012 894 emittant,
1052 843 1181 882 non
1226 821 1784 892 consentientibus,
1819 820 2008 879 immo

258 949 392 988 rem
420 929 855 1009 ignorantibus
900 929 1039 999 illis,
1074 949 1339 1008 quorum
1381 926 1658 997 consiliO,
1695 926 1915 986 saltem
1943 925 2009 983 in

257 1033 506 1112 Anglia,
553 1034 690 1093 Rex
730 1034 916 1094 debet
955 1034 1069 1105 uti,
1122 1033 1364 1113 quoties
1415 1032 1491 1091 de
1531 1031 1705 1090 Bello
1749 1037 1812 1090 et
1847 1030 2010 1089 Pace

259 1137 520 1217 quaestio
550 1138 843 1218 agitatur.

343 1241 603 1314 Deinde,
655 1243 730 1302 de
778 1242 1020 1302 actibus
1074 1241 1202 1302 suis
1250 1239 1588 1321 praeteribis
1633 1239 2010 1318 respondere

257 1366 383 1406 non
420 1352 736 1418 tenentur,
777 1347 1179 1426 quantumvis
1209 1346 1297 1404 illi
1325 1343 1807 1425 reprehensione
1839 1341 2011 1422 digni

259 1449 511 1522 fuerint,
546 1458 609 1510 et
640 1452 960 1522 damnosi3
1008 1473 1133 1511 uno
1163 1451 1358 1530 igitur
1393 1451 1525 1508 ictu
1554 1449 1797 1508 tollitur
1827 1468 2010 1507 omne

259 1554 523 1614 fraenum
576 1576 697 1634 quo
755 1555 1057 1633 restringi
1099 1559 1317 1634 'posset
1363 1554 1637 1612 humana
1679 1551 2006 1631 fragilitas,

259 1660 493 1719 astutia
520 1661 620 1720 vel
650 1660 744 1719 ira
766 1683 782 1732 3
832 1661 980 1720 dum
1012 1659 1183 1720 omni
1207 1660 1392 1718 modo
1418 1658 1769 1717 alliciuntur
1798 1656 2007 1735 hujus-

259 1765 428 1824 modi
466 1764 748 1824 homines
796 1771 869 1823 ut
918 1765 1085 1824 hisce
1131 1763 1524 1844 passionibus
1571 1761 1759 1820 libere
1806 1761 2008 1819 indul-

258 1873 450 1947 geant
504 1867 796 1939 infrenes,
845 1889 985 1927 cum
1045 1866 1475 1927 committatur
1534 1864 1688 1945 ipsis
1747 1864 2008 1923 infrenis

259 1972 621 2044 auctoritas,
674 1972 961 2052 ingentes
1019 1971 1298 2052 pecuniae
1358 1991 1630 2030 summas
1680 1969 2012 2049 vectigalia

261 2077 683 2158 suppeditent,
711 2098 973 2157 quarum
997 2077 1194 2136 facilis
1220 2083 1317 2137 est
1348 2075 1671 2137 conversio
1702 2075 1769 2133 in
1800 2074 2010 2154 copias

259 2183 574 2243 militares.

344 2287 564 2367 Neque
592 2286 741 2347 vero
773 2288 848 2347 de
886 2308 958 2347 eo
1005 2285 1202 2347 solum
1241 2286 1577 2366 querimur,
1612 2285 1775 2365 quod
1806 2283 2008 2344 omnis

261 2391 558 2471 cogitatio
614 2391 935 2451 evanuerit
996 2392 1071 2451 de
1130 2392 1330 2471 poenis
1391 2391 1708 2451 sumendis
1768 2390 2009 2470 quoties

260 2494 589 2574 deliquerit
633 2495 852 2574 aliquis
898 2516 931 2555 e
974 2495 1410 2556 Ministrorum
1450 2516 1745 2566 numero;
1792 2495 2010 2554 verum

260 2599 449 2660 etiam
467 2599 825 2679 hujusmodi
851 2600 1175 2680 neglectus
1205 2620 1321 2680 pro
1345 2599 1651 2680 principio
1675 2598 2008 2668 stabilitur,

262 2702 338 2763 de
386 2723 507 2782 quo
557 2709 860 2783 praeterea
904 2703 1022 2763 sibi
1067 2704 1334 2765 invicem
1379 2704 1776 2783 gratulantur
1826 2703 2010 2782 hujus

250 2805 559 2886 ‘temporis
616 2806 920 2879 homineS,
983 2808 1160 2887 quasi
1215 2808 1370 2888 ipsis
1428 2807 1653 2867 honori
1711 2813 1878 2867 esset
1937 2812 2011 2864 ut

262 2910 482 2971 exinde
545 2932 584 2971 a
652 2912 985 2992 praeteritis
1050 2913 1460 2993 temporibUS,
1535 2912 2011 2990 hominibusque

259 3015 524 3075 vetustis
577 3015 1096 3078 disoernerentur.
1187 3018 1328 3078 Hoc
1375 3018 1562 3097 juxta
1612 3015 2008 3096 principium,

265 3122 304 3148 “
339 3116 816 3180 Criminationes
888 3121 1162 3201 politicae
1215 3118 1684 3182 cessaverunt.''
1803 3118 2010 3177 Debet

265 3220 497 3282 scilicet
554 3223 821 3285 existere
872 3224 1218 3305 Collegium
1289 3224 1600 3304 quoddam
1660 3221 2005 3293 hominum,

265 3324 371 3404 qui
403 3326 561 3386 male
590 3326 790 3388 facere
832 3329 1079 3409 impune
1123 3329 1385 3409 possint,
1418 3329 1563 3388 licet
1605 3348 1734 3388 non
1762 3347 1875 3407 pro
1918 3347 2009 3387 se-

262 3427 414 3508 ipsis
446 3437 638 3509 agant
667 3453 780 3492 nec
809 3454 922 3513 per
954 3434 1212 3514 66111666,
1248 3434 1356 3493 66(1
1400 3438 1714 3512 potestate
1745 3430 2009 3511 quadam
