2236 3814
1051 258 1125 326 71

223 461 407 503 nere:
457 439 605 520 quin
628 437 817 499 etiam
847 442 911 497 et
939 436 1077 509 hoc,
1106 436 1274 516 quod
1295 435 1516 497 iisdem
1534 437 1736 499 adhuc
1753 437 1962 500 fruan-

223 551 330 605 tur
352 542 626 624 Legibus
645 549 709 603 et
730 540 1008 601 moribus
1033 539 1255 619 quibus
1281 540 1427 600 olim
1444 540 1644 600 Roma
1664 541 1959 622 Antiqua.

225 648 472 709 Horum
506 645 942 707 institutorum
980 643 1235 704 effectus
1279 643 1344 702 in
1384 665 1456 704 eo
1487 645 1761 704 cernitur
1797 645 1961 725 quod

224 751 464 823 Turcae,
488 749 601 811 soli
617 750 781 809 inter
801 747 1055 819 Gentes,
1077 746 1515 807 abstinuerunt
1534 767 1600 807 se
1630 769 1667 808 a
1685 749 1956 809 consiliis

225 863 445 917 contra
459 854 694 915 vicinos
720 873 865 914 suos
883 851 1229 923 moliendiS‚
1242 857 1306 911 et
1323 852 1399 911 ab
1417 851 1689 913 ineundo
1707 858 1962 932 pactum

224 981 366 1022 cum
384 958 538 1030 aliis,
561 978 632 1018 eo
663 957 784 1017 fine
813 963 886 1016 ut
913 976 1013 1016 res
1044 955 1323 1016 internas
1345 955 1693 1016 vicinorum
1714 964 1959 1037 pertur-

220 1064 392 1134 bent,
432 1061 631 1141 iisque
676 1060 960 1120 auferant
1001 1060 1376 1120 libertatem.
1466 1060 1710 1120 Bellum
1750 1062 1958 1122 decer-

220 1187 370 1227 nere
435 1165 785 1244 militesque
849 1163 1258 1236 conscribere,
1321 1184 1522 1244 neque
1585 1163 1960 1227 Consulibus

223 1269 603 1349 Senatuique
650 1267 827 1328 licuit
873 1268 1175 1340 Romano,
1218 1289 1416 1348 neque
1459 1268 1643 1329 hodie
1690 1268 1962 1330 SULTANO

223 1395 366 1437 cum
395 1374 636 1433 DIVANo
669 1393 780 1433 suo
809 1372 974 1431 licet.

305 1476 642 1558 Expectari
685 1475 948 1535 debebat
975 1473 1098 1533 11110
1130 1473 1442 1534 sententia
1471 1474 1825 1545 Fncmmun,
1857 1473 1958 1534 hic

221 1581 424 1641 FETVA
450 1580 684 1640 ULEMAE
705 1600 720 1650 3
754 1598 954 1657 neque
985 1575 1278 1656 quiquam
1300 1583 1547 1655 pareret
1569 1576 1658 1634 illi
1683 1575 1956 1637 SULTANO

223 1685 324 1766 qui
354 1683 468 1744 hac
499 1681 725 1744 omissa
750 1682 981 1741 bellum
1007 1681 1195 1741 vellet
1232 1679 1606 1740 intentare*
1694 1680 1813 1740 Vel
1840 1679 1962 1760 ipsi

220 1788 448 1849 milites
494 1785 783 1867 gregarii,
831 1784 1047 1844 eodem
1096 1784 1399 1844 haberent
1441 1804 1720 1855 numero,
1765 1804 1960 1842 unum

221 1894 299 1954 de
357 1891 486 1952 suis
538 1889 773 1951 civibus
823 1888 1134 1948 trucidare
1193 1908 1264 1947 ac
1315 1888 1635 1948 collectam
1684 1887 1961 1947 hostium

221 1997 559 2058 cohortem.
648 1993 767 2053 Illo
815 1991 1045 2052 etenim
1094 1991 1450 2052 inconsulto
1501 1991 1601 2051 cui
1658 1991 1963 2051 incumbit

221 2099 485 2161 officium
512 2098 612 2159 vel
641 2096 1016 2157 concedendi
1045 2096 1292 2155 FETVAM
1322 2096 1420 2156 vel
1450 2095 1739 2174 negandi,
1778 2115 1961 2155 nemo

218 2204 287 2264 in
313 2200 668 2283 hujusmodi
696 2200 1017 2260 cohortem
1045 2199 1171 2259 tela
1198 2199 1548 2279 projiceret,
1581 2198 1751 2258 haud
1783 2198 1961 2259 secus

221 2329 295 2370 ac
322 2309 390 2367 in
417 2304 644 2387 Anglia
684 2304 860 2365 miles
890 2304 1133 2384 plebem
1176 2304 1665 2363 tumultuantem
1695 2324 1824 2363 non
1859 2323 1961 2363 co-

221 2416 480 2481 erceret,
514 2415 847 2487 antequam
874 2407 1256 2487 praescriptae
1301 2428 1338 2466 a
1366 2406 1640 2486 Legibus
1682 2406 1963 2468 formulae

219 2514 486 2587 fuissent
517 2518 797 2573 servatae.

306 2616 579 2678 Credent
605 2615 825 2695 procul
848 2613 1034 2674 dubio
1058 2612 1325 2694 Europae
1355 2613 1573 2674 incolae
1598 2613 1703 2693 qui
1736 2635 1813 2674 ex
1837 2614 1964 2675 suis

287 2811 315 2838 ἢ*
348 2812 510 2862 Semel
554 2812 749 2859 tantum
787 2811 996 2875 legimus
1031 2810 1086 2858 in
1124 2810 1328 2858 historia
1365 2810 1593 2871 Turcica,
1636 2811 1728 2858 hoc
1775 2811 1965 2859 facinus

219 2891 367 2939 fuisse
390 2894 692 2938 attentatum
713 2907 722 2937 :
760 2889 891 2951 quod
913 2888 1001 2951 qui
1040 2889 1312 2936 attentavit
1338 2889 1624 2947 SULTANUS‚
1654 2889 1964 2935 MAHMUDUS

220 2969 334 3029 IV„
361 2968 535 3032 capitis
557 2965 700 3030 poena
722 2972 796 3014 est
830 2967 1104 3013 damnatus.
1177 2966 1499 3013 Induciarum
1533 2971 1756 3028 tempore
1779 2965 1965 3011 bellum

219 3046 478 3094 renovavit
499 3045 732 3092 adversus
755 3044 1028 3092 Austriam.
1103 3043 1238 3101 Quin
1279 3049 1329 3091 et
1360 3060 1519 3106 nuper
1553 3044 1643 3090 sub
1679 3058 1808 3089 novo
1831 3042 1964 3088 hisce

219 3123 522 3186 temporibus
543 3123 739 3185 incepto
763 3122 946 3182 ordine,
973 3122 1058 3169 ille
1099 3137 1163 3168 ex
1203 3121 1604 3169 concionatorum
1647 3134 1852 3167 numero
1877 3118 1965 3180 qui

222 3198 649 3262 Constantinopoli
699 3199 990 3262 eloquentiae
1046 3197 1178 3246 fama
1235 3203 1285 3245 et
1344 3197 1628 3244 auditorum
1686 3194 1964 3257 frequentia

220 3275 434 3323 maxime
472 3276 665 3339 gaudet,
700 3276 756 3323 in
795 3276 1048 3340 Belgradii
1088 3275 1392 3323 deditionem
1431 3278 1506 3321 est
1543 3273 1783 3332 invectus,
1824 3272 1965 3335 quasi

221 3351 337 3399 fidei
374 3353 580 3415 proditae
615 3369 756 3400 reum
794 3354 943 3402 simul
977 3359 1027 3403 et
1062 3354 1228 3417 legum
1262 3356 1569 3416 spretarum:
1605 3351 1746 3399 nulla
1779 3349 1964 3398 etenim

221 3428 383 3491 fuerat
410 3428 555 3478 Fetva
577 3430 794 3478 obtenta.
