2236 3814
1119 248 1198 306 20

302 420 364 473 et
403 412 532 493 ejus
562 410 857 492 Legibus,
886 421 1015 472 tam
1063 434 1174 492 pro
1212 412 1448 474 civibus
1494 433 1677 492 quam
1719 433 1831 492 pro
1875 410 2027 471 mili-

297 517 482 588 tibus,
513 516 718 576 latis*

384 618 506 693 Qui
533 619 651 679 hoc
682 620 866 679 modo
897 619 1113 699 egerit,
1134 619 1337 699 quoad
1367 627 1584 699 gentes
1614 619 1955 690 universas,
1975 618 2029 677 is

297 724 499 801 pirata
542 723 798 782 evadet:
849 723 1051 805 quoad
1081 723 1395 802 propriam
1436 722 1768 793 civitatem,
1798 722 2029 781 bellum

298 824 540 904 privata
620 825 992 885 auctoritate
1063 827 1331 905 gessisse
1391 825 1788 905 judicabitur.
1904 824 2030 885 Ubi

297 928 455 987 forte
512 929 740 987 bellum
788 929 1142 1007 hujusmodi
1198 929 1438 988 dederit
1494 928 1880 989 occasionem
1934 928 2030 987 liti

299 1031 546 1090 cuilibet
590 1052 797 1090 coram
830 1032 1141 1111 judicibus
1199 1034 1433 1092 nostris
1480 1033 1856 1103 dirimendae,
1901 1032 2027 1092 bel-

295 1133 424 1191 lum
442 1133 767 1192 habebitur
795 1134 1114 1213 injustum,
1141 1135 1391 1214 ejusque
1420 1135 1589 1193 nulla
1616 1135 1775 1194 ratio
1803 1135 1867 1192 in
1889 1134 2029 1213 jure

295 1235 510 1295 haberi
553 1237 836 1296 debebit:
890 1238 957 1295 id
1000 1238 1165 1316 quod
1207 1259 1322 1297 nos
1360 1238 1606 1298 edocuit
1649 1245 1934 1298 exortum
1962 1237 2025 1296 in

296 1340 511 1400 Primo
546 1340 752 1401 Sinico
786 1340 961 1400 Bello
994 1341 1359 1420 exemplum.

380 1444 556 1503 Bella
584 1444 812 1515 illicita,
845 1465 1308 1523 nonnunquam,
1340 1444 1484 1503 116613
1532 1445 1800 1523 perraro,
1851 1452 2030 1523 gesta

295 1547 502 1618 fuisse,
552 1552 936 1626 compertum
975 1547 1308 1606 habemus:
1358 1567 1494 1626 quae
1538 1553 1750 1607 tamen
1795 1568 1936 1607 611111
1962 1548 2028 1606 111

292 1649 594 1709 barbariei
638 1650 1063 1729 eruptionibus
1103 1650 1544 1730 regionumque
1578 1652 2027 1711 vastationibus

361 1869 388 1898 *
428 1867 508 1914 Ex
547 1867 751 1915 historia
776 1883 925 1930 quam
953 1884 1121 1915 sumus
1155 1868 1375 1928 relaturi,
1407 1885 1463 1916 ea
1487 1886 1594 1932 quae
1619 1870 1834 1918 diximus
1866 1871 2026 1919 lucem

292 1945 598 1992 obtinebunt.
699 1946 898 1991 “Haud
938 1946 1109 1992 multis
1155 1946 1333 1993 abhinc
1383 1947 1526 1993 annis
1559 1948 1759 2010 juvenis
1809 1949 2023 2011 quidam,

290 2023 546 2084 praefectus
570 2021 826 2081 exercitiis,
852 2039 1029 2068 mensae
1054 2024 1269 2085 supremi
1309 2024 1463 2070 Ducis
1486 2026 1789 2084 accumbens,
1814 2026 2027 2088 disputa-

288 2099 474 2146 tionem
499 2114 609 2145 cum
652 2100 881 2162 Legionis
923 2100 1141 2146 Tribuno
1177 2106 1250 2146 est
1284 2117 1565 2163 aggressus:
1600 2103 1659 2148 de
1694 2101 1750 2149 63
1773 2108 1939 2150 autem
1973 2120 2026 2150 re

288 2178 536 2237 agebatur,
575 2192 827 2238 quousque
862 2177 1091 2223 militaris
1127 2178 1406 2225 obedientia
1441 2180 1644 2226 extendi
1683 2181 1869 2229 debeat.
1945 2181 2028 2228 ‘Si

290 2254 410 2299 Dux
447 2254 731 2315 supremus,'
756 2254 826 2299 ait
856 2255 1068 2315 juvenis,
1099 2255 1312 2316 ‘aliquid
1346 2272 1423 2302 me
1450 2256 1660 2318 juberet,
1689 2258 1818 2319 quod
1853 2258 2026 2305 scirem

290 2331 502 2392 Legibus
544 2331 770 2376 civilibus
794 2331 1020 2389 vetitum,
1059 2332 1110 2376 id
1148 2348 1303 2390 omne,
1340 2333 1479 2378 nullo
1519 2335 1746 2395 scrupulo
1786 2335 2024 2390 laborans,

289 2423 567 2468 exequerer,
608 2405 854 2452 cenfidens
893 2423 972 2453 me
1018 2408 1298 2454 nullatenus
1339 2409 1506 2470 culpae,
1556 2411 1794 2472 quidquid
1839 2412 2023 2458 factum

289 2484 450 2540 fuerit,
469 2484 751 2541 obnoxium,
771 2500 832 2529 ex
855 2499 912 2529 eo
929 2484 1059 2545 quod
1082 2484 1272 2531 militiae
1297 2491 1445 2547 caput
1467 2487 1516 2532 id
1541 2487 1664 2532 mihi
1686 2488 2023 2550 imposuisset.'

290 2564 303 2586 ‘
323 2559 566 2621 Equidem
591 2559 736 2605 aliter
759 2559 947 2619 sentio,’
972 2561 1225 2622 respondit
1252 2562 1393 2621 alter,
1417 2579 1678 2624 generosus
1714 2564 1860 2611 simul
1883 2566 2024 2613 miles

288 2642 338 2683 et
362 2637 615 2698 perspicax
642 2653 651 2682 z
690 2641 700 2662 ‘
720 2637 918 2683 mallem
943 2638 1127 2683 etenim
1152 2655 1229 2684 me
1244 2640 1532 2687 submittere
1556 2640 1772 2702 pericu]o
1795 2643 2024 2705 supplicii

289 2714 531 2771 militaris,
558 2730 645 2775 per
686 2714 959 2775 Superioris
983 2731 1157 2761 manus
1180 2715 1449 2777 infligendi,
1475 2717 1529 2763 in
1553 2718 1840 2765 obedientiae
1865 2719 2018 2779 causa,

290 2806 431 2850 quam
437 2790 549 2851 jure
558 2790 734 2836 merito
751 2807 837 2851 per
846 2791 1025 2837 collum
1040 2792 1270 2854 suspendi
1286 2794 1348 2839 ob
1365 2791 1516 2856 Leges
1525 2794 1730 2841 violatas
1745 2801 1795 2842 et
1812 2797 2022 2858 patriam

288 2866 595 2913 libertatem.'
670 2871 681 2893 ‘
700 2867 838 2913 Sicut
861 2873 910 2913 te
935 2868 1134 2915 decebat
1158 2869 1335 2916 dedisti
1357 2871 1669 2932 responsum,'
1694 2873 1860 2919 subdit
1883 2874 2023 2921 Prin-

288 2958 411 3003 ceps,
428 2943 514 3004 qui
537 2943 662 2989 hanc
685 2945 1093 2991 concertationem
1116 2946 1233 2992 satis
1255 2947 1474 2993 vivacem
1489 2949 1794 2995 auscultabat
1815 2966 1826 2996 :
1851 2955 1865 2977 ‘
1883 2951 2023 3013 quin-

289 3019 439 3064 immo
464 3024 513 3065 et
537 3019 698 3081 gladio
737 3020 882 3067 simul
921 3026 970 3067 et
1009 3022 1182 3084 laqueo
1205 3023 1382 3086 dignus
1415 3023 1612 3070 videtur
1645 3026 1923 3089 quicunque
1957 3045 2021 3076 ex

290 3094 531 3142 militibus
555 3096 688 3143 secus
712 3102 887 3159 ageret.
961 3098 1112 3161 Spero
1135 3100 1267 3146 em'm
1301 3117 1402 3147 non
1424 3100 1586 3148 minus
1609 3101 1774 3150 abesse
1796 3104 1918 3166 quin
1945 3106 2020 3153 vel

289 3187 417 3218 unus
441 3188 503 3218 ex
525 3173 766 3220 militibus
788 3174 968 3237 Anglis
1008 3177 1292 3238 reperiatur,
1318 3177 1405 3240 qui
1440 3183 1610 3225 contra
1631 3179 1814 3242 patrias
1849 3181 2018 3246 Leges,

279 3247 418 3308 jussa
455 3250 655 3310 exsequi
694 3251 830 3310 velit,
875 3268 1023 3314 quam
1062 3253 1228 3301 abesse
1261 3269 1401 3316 spero
1436 3254 1558 3316 quin
1593 3255 1715 3303 Dux
1751 3258 2017 3321 Supremus

288 3322 554 3385 quidquam
595 3330 766 3373 contra
807 3328 998 3375 easdem
1039 3328 1192 3392 Leges
1233 3330 1356 3378 velit
1392 3330 1661 3394 imperare.’
1679 3332 1856 3383 ’'-E'x
1911 3335 2020 3385 Vita

288 3395 444 3448 Ducis
466 3400 778 3451 Eboracemis
800 3421 832 3451 α
857 3403 1081 3455 Gualtero
1104 3406 1232 3456 Scott
1253 3407 1530 3472 comoripm.
