2236 3814
1119 240 1195 300 22

297 413 678 486 quapropter
748 427 916 468 nunc
984 407 1278 469 videntur
1343 407 1513 486 leges
1586 426 1766 466 omne
1837 405 2028 466 robur

297 508 596 569 amisisse.
689 510 844 570 Cum
894 510 959 569 hi
1012 511 1234 590 quibus
1294 509 1612 586 occidendi
1661 507 2026 589 furandique

297 633 523 672 munus
557 619 654 672 est
685 614 1058 692 delegatum,
1104 635 1236 673 rem
1280 634 1317 672 a
1361 633 1426 672 se
1468 613 1694 671 mala-m
1743 609 2027 690 praestari

297 734 423 774 non
468 716 863 796 intelligunt3
926 724 1061 776 tum
1108 717 1233 777 vim
1290 715 1459 795 passi
1506 736 1631 774 non
1681 714 2028 793 percipiunt

300 818 416 877 sibi
445 839 556 897 pro
589 820 942 879 defensione
977 820 1160 879 licere
1199 819 1453 878 meritas
1494 838 1710 896 poenas
1751 815 2024 876 nocenti-

296 922 414 980 bus
435 922 694 982 inferre:
723 929 788 981 at
797 923 968 1002 justo
1001 923 1266 1002 quodam
1289 921 1520 1000 judicio
1552 922 1861 990 obcaecati,
1885 941 2025 980 cum

295 1026 538 1104 possint
606 1026 806 1105 capite
884 1027 1154 1106 plectere
1225 1018 1638 1104 aggressoi‘eS,
1712 1029 2021 1094 recusant,

296 1127 483 1187 immo
506 1129 649 1187 verb
679 1129 772 1186 uti
794 1129 953 1188 bello
986 1135 1223 1207 captOS,
1250 1148 1362 1206 pro
1383 1127 1640 1206 integris
1665 1135 1727 1186 et
1746 1126 2024 1186 honestis

295 1231 444 1290 viris
493 1231 846 1310 excipiunt3
897 1252 1083 1290 sensu
1124 1230 1336 1308 utique
1389 1230 1573 1308 Legis
1619 1229 1685 1287 in
1736 1231 2024 1289 cordibus

295 1333 570 1412 ipsorum
619 1334 787 1391 haud
846 1332 1106 1412 amplius
1163 1332 1489 1391 insidente.
1582 1332 1756 1392 Sicut
1804 1333 2027 1411 injuria

295 1456 422 1495 non
473 1443 616 1494 actu
675 1436 1080 1504 concluditur,
1145 1435 1254 1493 sed
1309 1435 1665 1493 universam
1722 1435 1786 1492 in
1826 1455 2023 1514 genus

292 1538 632 1596 humanum
658 1538 1138 1596 dominationem
1158 1537 1408 1595 molitur
1428 1559 1443 1607 ;
1477 1537 1567 1595 ita
1590 1543 1652 1595 et
1670 1537 2027 1597 innocentia

292 1642 575 1700 lacessita
618 1641 918 1720 supremis
965 1641 1332 1719 quibusdam
1374 1641 1652 1699 induitur
1683 1642 2020 1712 attributis,

293 1744 476 1803 modo
510 1745 722 1804 officiis
756 1745 871 1803 sibi
901 1745 1401 1803 incumbentibus
1422 1745 1719 1822 fungatur
1739 1767 1754 1814 3
1801 1766 2023 1825 nempe

293 1850 474 1907 modo
517 1848 1092 1926 protestationibus,
1137 1847 1508 1916 resistentia,
1556 1847 1756 1926 poenis
1788 1856 2018 1907 utatur.

294 1950 431 2024 Quo
493 1972 678 2010 sensu
735 1951 998 2029 intelligi
1071 1957 1279 2029 potest
1350 1951 1502 2008 illud
1565 1951 1813 2010 effatum
1862 1952 2021 2030 juris

292 2054 593 2113 Romani:
676 2054 777 2112 “J
784 2054 997 2112 ustitia
1053 2074 1242 2132 penes
1307 2053 1742 2125 laeSOS,''—cui
1811 2061 2022 2115 tamen

289 2156 470 2216 hodie
499 2156 729 2234 passim
759 2162 1157 2235 repugnatur.

374 2260 425 2318 F
428 2261 554 2318 alsb
584 2266 794 2318 tamen
840 2260 1070 2318 diceret
1102 2260 1255 2337 quis,
1288 2260 1769 2339 unumquodque
1797 2261 2021 2320 horum

290 2361 668 2441 flagitiorum
716 2363 940 2420 ducere
989 2362 1292 2439 originem
1336 2382 1412 2419 ex
1461 2363 1673 2421 multis
1712 2364 2019 2442 variisque

289 2463 752 2522 incitationibus
785 2463 1006 2541 quibus
1052 2463 1240 2521 animi
1271 2484 1455 2541 quam
1484 2464 2018 2525 vehementissime

290 2571 630 2643 urgentur:
697 2565 923 2643 duplex
981 2566 1408 2624 tantummodo
1472 2587 1658 2626 causa
1715 2569 2019 2648 assignari

289 2673 534 2746 potest:
588 2666 680 2746 (1)
732 2667 911 2726 Cives
954 2668 1396 2746 rempublicam
1440 2670 2016 2733 administrantibus

289 2769 516 2829 temere
547 2770 729 2828 nimis
762 2770 1226 2848 obtemperare:
1268 2768 1360 2849 (2)
1386 2771 1613 2831 Poenas
1646 2795 1682 2832 a
1709 2775 1872 2834 laesis
1893 2776 2014 2835 exi-

289 2872 524 2950 gendas
556 2873 806 2950 prorsus
838 2871 1194 2931 desiderari.

360 2974 593 3054 Campo
619 2995 801 3053 quem
818 2975 1084 3034 lustrare
1104 2976 1395 3035 debemus
1415 2976 1503 3037 ita
1525 2978 2011 3062 circumscripto,

290 3084 511 3158 sponte
552 3098 687 3137 sese
729 3078 924 3137 menti
970 3078 1177 3157 objicit
1224 3079 1301 3137 ad
1347 3079 1708 3159 erigendum
1743 3084 2014 3145 animum

289 3187 436 3259 apta
493 3180 926 3240 consideratiO.
1015 3179 1163 3254 Quae
1219 3181 1473 3242 tandem
1519 3184 1673 3244 illa?
1759 3186 2014 3267 Negotii

287 3281 543 3361 hujusce
589 3282 967 3362 simplicitas.
1053 3284 1156 3343 Ad
1194 3303 1325 3342 rem
1367 3284 1852 3366 intelligendam,
1884 3311 2012 3351 non

289 3383 528 3465 Legum
559 3385 766 3446 studio
796 3391 893 3446 est
922 3385 1421 3459 incumbendum,
1444 3409 1572 3448 non
1602 3380 1860 3465 Politiae,
1884 3413 2013 3453 non
