2236 3814
1040 254 1116 314 57

215 421 356 500 lego
402 420 660 480 Foedere
718 420 910 480 verba
966 418 1220 490 faciens,
1275 419 1373 478 cui
1418 418 1638 479 SANcTI
1682 420 1958 480 FOEDnms

215 543 445 583 nomen
501 522 791 594 inditum,
839 522 996 582 bene
1054 521 1288 581 factum
1347 522 1636 601 appellat,
1692 530 1755 582 et
1802 523 1957 581 mul-

215 632 424 701 torum
481 626 718 687 fontem
774 627 1127 696 bonorum3
1192 625 1357 704 quod
1408 645 1549 685 cum
1597 646 1726 685 non
1775 625 1961 684 fuerit

217 730 564 791 executioni
608 731 841 802 datum,
887 750 1016 789 non
1060 728 1306 790 aliunde
1348 735 1725 809 praesentem
1752 749 1960 788 rerum

216 834 635 894 conditionem
664 840 943 894 exortam
973 839 1203 893 censet.

303 936 719 1018 Quapropter,
767 937 1013 998 etiamsi
1058 936 1349 1017 Gregorii
1390 935 1630 1016 Magni,
1679 934 1963 1016 Gregorii

215 1040 391 1112 VII.,
415 1041 766 1101 Innocentii
788 1040 911 1100 III.
938 1040 1212 1112 nomina,
1237 1047 1459 1120 sponte
1484 1039 1593 1100 sua
1614 1040 1876 1100 veniunt
1897 1038 1963 1098 in

216 1150 508 1216 mentem,
542 1145 792 1204 cuilibet
850 1145 1055 1204 adhuc
1102 1164 1277 1224 spem
1329 1144 1601 1223 aliquam
1644 1142 1962 1215 retinenti,

222 1246 669 1329 (cujuscunque
711 1249 967 1309 tandem
1018 1248 1360 1328 Religionis
1404 1254 1614 1328 partes
1648 1253 1963 1327 sequatur,

182 1395 186 1399 -
217 1352 427 1424 immo,
452 1353 623 1412 nullo
654 1352 873 1412 habito
894 1352 1249 1412 discrimine
1278 1350 1488 1411 utrum
1518 1351 1628 1410 ulli
1658 1351 1968 1431 Religioni

217 1477 447 1516 nomen
492 1456 751 1526 dederit,
784 1455 1049 1536 necne);
1104 1455 1288 1516 hodie
1335 1462 1546 1515 tamen
1595 1456 1780 1534 longe
1827 1476 1966 1534 gra-

217 1560 393 1620 viora
451 1560 859 1620 Pontificibus
931 1560 1301 1619 incumbunt
1374 1579 1581 1630 onera,
1645 1579 1829 1638 quam
1895 1563 1969 1616 ut

221 1663 619 1723 matrimonia
646 1664 859 1723 illicita
901 1663 1291 1743 prohibeant,
1323 1663 1422 1723 Vel
1465 1663 1669 1742 Reges
1716 1660 1967 1722 sicarios

219 1767 776 1839 excommunicent,
822 1767 1033 1847 iniqua
1075 1767 1462 1846 restringant
1491 1766 1838 1846 vectigalia,
1871 1766 1970 1827 vel

217 1876 291 1930 ut
317 1871 478 1931 bella
507 1871 695 1931 etiam
726 1871 954 1950 injusta
984 1871 1303 1930 damnent.

304 1974 488 2034 Nunc
509 1975 670 2035 enim
695 1975 934 2034 dierum
952 1996 1078 2034 non
1103 1975 1178 2034 de
1204 1974 1408 2034 activo
1432 1973 1671 2032 influxu
1691 1973 1759 2032 in
1782 1974 1968 2033 rebus

219 2077 481 2158 publicis
541 2079 959 2150 contenditur,
1022 2079 1134 2139 sed
1182 2078 1570 2139 desideratur
1621 2078 1664 2138 J
1666 2078 1960 2149 udicium,

220 2182 426 2262 idque,
447 2182 812 2262 praesertim,
837 2183 912 2241 de
936 2182 1312 2242 criminibus.
1373 2181 1740 2242 Auctoritas
1760 2189 1970 2241 autem

225 2284 314 2345 sic
372 2285 714 2344 exercenda
771 2305 900 2344 non
951 2290 1135 2344 antea
1194 2284 1498 2344 sentietur
1547 2304 1734 2363 quam
1784 2282 1970 2342 fuerit

223 2388 511 2448 exercita.
580 2388 800 2467 Neque
831 2387 1104 2448 exerceri
1132 2388 1364 2467 poterit
1392 2386 1514 2447 nisi
1542 2386 1662 2446 illis
1694 2386 1965 2458 dotibus,

221 2490 324 2550 illa
350 2512 559 2550 rerum
590 2491 942 2570 cognitione
966 2491 1266 2571 praeditus
1290 2490 1385 2551 vir
1414 2489 1736 2570 prodierit,
1771 2489 1876 2568 qui
1906 2495 1970 2549 et

221 2593 459 2654 infinite
509 2599 666 2654 sese
695 2595 1008 2674 abnegare
1051 2593 1322 2655 voluerit
1363 2601 1426 2654 et
1471 2594 1795 2664 devovere,
1841 2613 1969 2652 non

222 2697 342 2781 alio
361 2698 546 2758 modo
578 2719 649 2758 ac
666 2698 774 2757 ubi
801 2699 936 2758 haec
961 2698 1168 2758 omnia
1187 2697 1253 2756 in
1286 2696 1596 2758 GREGORIO
1617 2697 1966 2775 conjuncta,

223 2801 574 2860 mirandum
624 2801 778 2859 illud
834 2807 1107 2881 systema
1157 2822 1563 2881 progenuere,
1620 2801 1786 2880 quod
1851 2800 1967 2860 sub

223 2904 514 2965 Ecclesiae
566 2905 864 2965 Romanae
907 2905 1158 2966 nomine
1217 2904 1656 2983 designamus3
1713 2924 1969 2983 quaeque

226 3009 432 3070 omnia
497 3009 563 3068 in
634 3009 937 3069 Pontifice
1012 3029 1195 3089 quem
1265 3008 1527 3069 feliciter
1600 3013 1969 3086 regnantem

223 3113 352 3172 laeti
392 3112 698 3185 videmus,
758 3113 1107 3193 conjuncta,
1161 3112 1344 3172 modo
1387 3119 1634 3190 tempus
1678 3109 1798 3188 ipsi
1839 3129 1967 3168 non

226 3215 389 3275 desit
457 3236 572 3275 nec
634 3216 906 3276 humana
977 3215 1220 3286 auxilia,
1295 3215 1553 3274 eandem
1624 3210 1966 3271 Ecclesiam

224 3323 572 3378 restaurare
627 3319 953 3391 valuerint,
1011 3319 1210 3398 ipsam
1271 3316 1527 3377 Civilem
1591 3312 1967 3375 Societatem

226 3419 572 3481 instaurare
630 3427 717 3482 et>
766 3442 1050 3494 servare3
1123 3421 1291 3480 illam
1370 3419 1506 3480 dico
1589 3415 1964 3480 Societatem

1066 3543 1109 3583 H
