2236 3814
1066 239 1143 297 85

234 409 428 488 justa,
491 404 756 484 sapienS,
817 401 1096 463 benefica
1164 401 1264 462 sit.
1383 402 1664 462 Romana
1719 401 1994 463 Ecclesia

247 511 479 571 sciente
538 508 686 588 quid
758 513 924 587 agat,
991 505 1306 566 incassum
1368 506 1710 566 reddentur
1777 526 1993 566 omnes

245 614 860 695 argumentationum
899 611 1174 682 fallaciae,
1209 611 1417 670 omnia
1449 610 1841 669 irridentium
1874 611 1994 690 spi-

247 721 403 780 cula.
494 720 581 779 At
629 719 737 778 ubi
783 717 1076 778 Pontifex
1125 717 1291 776 mere
1344 715 1758 776 comminatus
1809 715 1997 775 fuerit

249 846 315 885 se
393 824 543 884 talia
615 824 827 883 iniisse
903 822 1176 892 consilia,
1254 821 1593 881 instantius
1668 820 1999 900 insurgent

246 929 555 988 homines·
587 934 659 986 ut
710 927 1074 987 Dominium
1128 925 1322 986 Civile
1394 925 1620 984 tollant
1663 924 1995 984 PONTIFIOI.

247 1033 511 1092 Interim
567 1032 951 1090 tumultuum
1010 1030 1273 1111 agitatio
1331 1031 1812 1110 percrebrescet,
1873 1035 1998 1088 ter-

247 1157 422 1197 rores
479 1137 814 1196 vexabunt.
906 1135 984 1195 In
1052 1134 1329 1196 Concilio
1398 1134 1633 1194 scilicet
1696 1134 2001 1193 PONmEx

249 1243 570 1303 Romanus
642 1241 913 1321 lapidem
987 1240 1219 1310 erexit3
1295 1238 1630 1319 requiritur
1702 1258 2002 1298 conamen

252 1346 582 1426 quoddam,
603 1345 850 1425 ingenS,
872 1345 1269 1424 desperatum
1300 1351 1364 1403 et·
1396 1344 1687 1414 salutare,
1713 1350 1786 1402 ut
1816 1342 2000 1422 hujus

251 1449 475 1529 lapidis
519 1450 714 1508 moles
788 1454 1194 1519 sustentetur,
1254 1469 1334 1507 ne
1396 1447 2000 1519 cadat‚-—-eumdem-

255 1575 373 1634 que
418 1554 782 1634 propulsare
822 1554 1019 1612 donec
1059 1573 1275 1613 omnes
1315 1552 1565 1612 collidat
1612 1553 1998 1631 reprobatos.

257 1657 393 1732 Qua
435 1659 500 1717 in
529 1679 598 1718 re
641 1657 890 1717 minime
936 1658 1319 1717 omittendus
1366 1664 1461 1717 est
1502 1677 1723 1717 sensus
1753 1658 2003 1717 Allocu-

253 1763 445 1823 tionis
520 1784 706 1843 quam
778 1761 1070 1822 Pontifex
1143 1783 1306 1822 anno
1374 1764 1538 1822 1864.
1609 1763 1880 1822 habebat
1903 1785 2007 1821 :--

258 1873 296 1898 “
322 1866 448 1928 Ubi
497 1888 535 1927 a
584 1865 761 1927 Civili
822 1865 1131 1927 Societate
1189 1866 1307 1926 fuit
1364 1873 1576 1927 amota
1626 1867 1887 1947 Religio,
1942 1873 2006 1926 et

259 1979 298 2004 ‘⁶
322 1972 652 2052 repudiata
695 1971 937 2032 Divinae
978 1972 1397 2032 Revelationis
1445 1972 1727 2032 doctrina
1771 1978 1834 2031 et
1865 1992 2004 2031 auc-

261 2082 300 2108 “
326 2077 571 2148 toritaS,
617 2077 716 2136 vel
767 2076 903 2155 ipsa
961 2097 1258 2156 germana
1308 2075 1587 2135 Justitiae
1629 2076 2006 2155 humanique

262 2187 300 2212 ‘⁶
326 2180 370 2240 J
373 2181 501 2240 uris
559 2180 734 2240 notio
792 2181 1067 2240 tenebris
1127 2181 1499 2240 obscuratur
1558 2186 1620 2240 et
1671 2181 2002 2251 amittitur,

263 2291 303 2317 “
329 2291 513 2365 atque
548 2285 614 2344 in
641 2305 808 2345 verae
849 2285 891 2344 J
892 2285 1125 2344 ustitiae
1159 2284 1543 2365 legitimique
1573 2285 1614 2344 J
1615 2284 1744 2344 uris
1778 2286 2003 2356 locum,

264 2397 303 2423 ‘⁶
328 2390 671 2464 Materialis
734 2389 1140 2449 substituitur
1197 2389 1347 2449 Vis:
1423 2390 1569 2449 inde
1635 2389 1831 2469 liquet
1897 2411 2008 2450 cur

263 2502 302 2526 ‘⁶
327 2494 611 2554 nonnulli
683 2494 1047 2576 certissimis
1129 2495 1276 2554 sane
1347 2493 1608 2553 rationis
1688 2494 2007 2574 principiis
2060 2512 2064 2515 ·

263 2605 302 2631 “
326 2598 578 2679 penitus
622 2598 926 2678 neglectis
969 2598 1483 2678 posthabitisque,
1545 2599 1817 2658 audeant
1862 2620 2007 2659 con-

267 2709 305 2735 “
332 2703 598 2763 clamare
641 2709 656 2734 ‘
677 2703 1067 2764 voluntatem
1110 2703 1340 2783 populi,
1387 2703 1631 2783 publica
1675 2709 1746 2762 ut
1795 2703 2011 2763 dicunt

267 2810 306 2839 “
333 2806 642 2887 opinione,
674 2807 775 2868 vel
814 2807 930 2867 alia
969 2808 1230 2879 ratione,
1263 2807 1746 2880 manifestatam,
1781 2809 2009 2869 consti-

267 2918 305 2942 “
329 2917 505 2971 tuere
536 2931 889 2992 supremam
917 2913 1118 2992 legem
1149 2914 1226 2972 ab
1258 2913 1432 2972 omni
1462 2912 1687 2973 Divino
1711 2913 2009 2972 humano-

269 3021 309 3048 “
335 3036 454 3095 que
483 3015 526 3075 J
527 3036 636 3075 ure
681 3016 989 3088 solutam;
1037 3023 1099 3076 et
1142 3017 1208 3076 in
1249 3017 1465 3077 ordine
1500 3016 1770 3096 politico,
1807 3023 1822 3048 ⁶
1847 3016 2013 3076 facta

269 3120 802 3179 “consummata'
857 3142 928 3181 eo
972 3121 1110 3201 ipso
1157 3122 1324 3201 quod
1369 3126 1800 3180 consummata
1842 3126 2008 3192 sunt,

271 3228 309 3254 “
332 3223 460 3282 vim
488 3222 531 3282 J
533 3223 661 3283 uris
689 3223 957 3285 habere.'
987 3224 1024 3250 '³

354 3325 518 3386 Ecce
546 3327 872 3405 vexillum!
964 3329 1054 3388 At
1098 3348 1224 3400 eos,
1260 3328 1313 3388 si
1358 3327 1463 3407 qui
1507 3327 1842 3406 objectent,
1893 3327 2010 3388 sci-

272 3429 418 3490 licet
462 3450 500 3489 a
529 3428 810 3491 Romana
844 3429 1080 3511 (forsan
1125 3433 1202 3492 ab
1234 3429 1429 3510 omni)
1474 3429 1750 3491 Ecclesia
1778 3431 2012 3492 alienos
