2236 3814
1091 247 1170 305 64

281 413 539 473 aliorum
580 414 716 474 loco
768 412 1044 472 adhiberi
1085 418 1371 493 possunt,
1402 412 1592 473 immo
1641 418 1704 472 et
1748 412 2008 492 fuerunt

279 517 538 577 adhibiti
571 538 583 576 :
649 523 713 576 at
769 516 1109 596 periculum
1167 517 1345 576 adest
1403 537 1483 575 ne
1533 515 1782 575 termini
1825 515 2001 575 nobis
2042 595 2048 599 ι

276 619 635 698 imponant;
681 619 788 678 ubi
857 618 1143 679 videlicet
1212 618 1458 678 illorum
1517 638 1632 698 ope
1690 623 2002 677 struamus

279 721 685 802 cogitationes
715 728 983 793 nostraS,
1015 722 1114 781 vel
1157 743 1233 782 ex
1273 721 1392 780 illis
1423 721 1571 800 quid
1601 720 2006 800 cogitandum·

280 825 360 885 sit
390 825 785 896 deducamus,
819 826 967 884 dum
1008 825 1190 886 simul
1241 824 1753 904 significationem
1791 823 1858 881 in
1885 823 2007 883 illis

279 926 551 987 invenire
582 929 922 986 credamus.

363 1030 723 1089 Debuerant
742 1031 986 1109 quidem
1007 1030 1095 1089 illi
1125 1031 1228 1110 qui
1248 1030 1595 1110 juventutis
1613 1030 2009 1090 instituendae

282 1155 492 1194 curam
517 1141 937 1214 susceperunt,
963 1135 1288 1214 prohibere
1306 1156 1385 1194 ne
1405 1134 1688 1214 discipuli
1708 1133 2006 1194 terminos

281 1244 654 1317 usurparent
695 1259 889 1316 vagos
935 1258 1043 1297 seu
1088 1258 1275 1297 sensu
1325 1244 1645 1308 carentes3
1709 1238 1797 1296 ita
1840 1237 2008 1296 falsis

283 1341 687 1401 occlusissent
735 1341 888 1399 ideis
932 1341 1302 1420 ingressum,
1351 1340 1571 1419 quibus
1615 1339 1838 1399 horum
1881 1346 2005 1398 ter-

281 1445 589 1503 minorum
619 1443 942 1522 explicatio
962 1444 1299 1522 praestabat
1323 1443 1576 1501 aditum.
1638 1442 1776 1502 Hoc
1800 1449 2008 1501 autem

281 1546 368 1605 illi
406 1553 702 1626 praestare
733 1546 1113 1605 omiserunt:
1164 1545 1446 1624 quocirca
1487 1545 1604 1604 hoc
1641 1545 2005 1605 beneficium

282 1649 600 1708 maturiori
630 1649 800 1708 aetati
830 1649 905 1707 ab
939 1648 1211 1708 Ecclesia
1254 1648 1693 1708 conferendum
1724 1655 1840 1707 est.
1875 1720 1877 1723 ι

369 1750 540 1831 Opus
571 1751 831 1811 forsitan
877 1751 1115 1811 difficile
1144 1772 1271 1810 non
1314 1751 1619 1811 immerito
1657 1750 2005 1822 videbitur3

283 1862 348 1915 at
378 1855 671 1934 obligatio
700 1856 928 1926 instat3
963 1855 1290 1926 enimvero,
1321 1861 1464 1913 utut
1496 1854 1577 1913 sit
1606 1853 1865 1925 difficile,
1897 1875 2010 1933 pro

281 1957 644 2038 impossibili
685 1978 811 2017 non
854 1963 1063 2036 potest
1104 1956 1335 2016 haberi.
1428 1955 1609 2029 Quod
1639 1956 1692 2014 si
1723 1956 2006 2035 impossi-

282 2061 402 2120 bile
421 2061 600 2133 foret,
623 2081 763 2140 spes
782 2061 951 2119 nulla
967 2066 1251 2131 restaret,
1276 2060 1445 2119 nulla
1465 2060 1648 2119 salus.
1698 2058 2002 2132 Quemad-

283 2163 535 2223 modum
571 2163 753 2234 enim,
789 2163 840 2222 si
867 2164 1148 2223 homines
1176 2163 1241 2221 in
1271 2162 1544 2222 numeris
1576 2163 2006 2242 computandis

285 2268 365 2325 ad
407 2267 627 2326 falsam
672 2287 925 2326 summae
975 2267 1236 2345 integrae
1286 2266 1653 2345 perveniunt
1705 2266 2002 2326 conclusi-

285 2389 486 2441 onem,
513 2370 654 2448 quia
677 2376 739 2429 et
758 2370 919 2428 circa
944 2369 1216 2448 singulas
1247 2375 1457 2428 errant
1475 2375 1704 2448 parteS,
1728 2388 1866 2447 spes
1899 2368 2012 2428 tibi

286 2473 462 2532 adest
482 2470 848 2550 corrigendi,
871 2477 933 2529 et
964 2471 1042 2529 ad
1071 2471 1136 2528 id
1154 2477 1411 2530 conatus
1436 2478 1618 2530 erunt
1641 2471 1970 2531 adhibendi
1993 2493 2006 2530 ε

287 2576 383 2636 sin
413 2581 618 2633 autem
635 2574 801 2653 ipsas
822 2594 1076 2632 summae
1095 2574 1429 2652 particulas
1449 2595 1558 2652 pro
1577 2574 1738 2634 veris
1756 2574 2006 2646 habeaS,

284 2678 437 2738 nihil
480 2683 758 2737 remanet
805 2677 970 2755 quod
1015 2697 1183 2755 agas.
1275 2675 1568 2737 Similiter
1603 2676 1793 2737 etiam
1841 2677 1894 2737 si
1934 2698 2010 2737 ex

284 2802 475 2862 pravo
508 2780 710 2840 cordis
758 2779 1011 2839 consilio
1042 2779 1322 2859 procedit
1350 2778 1416 2839 id
1457 2800 1636 2839 omne
1669 2781 1834 2860 quod
1881 2780 2007 2860 agi-

284 2891 390 2944 tur
422 2885 671 2955 malum,
706 2903 845 2963 spes
877 2882 1076 2942 omnis
1108 2883 1369 2953 deesset,
1407 2902 1521 2942 nec
1550 2882 1612 2943 vi
1642 2882 1751 2942 sua
1778 2883 2011 2961 gaude-

285 2992 427 3047 rent
485 2987 693 3056 verba,
752 2985 1112 3046 monitionis
1145 3006 1158 3043 ε
1225 2991 1378 3044 tunc
1435 2984 1664 3044 etenim
1706 2985 2010 3046 duntaxat

284 3111 409 3151 vox
448 3089 713 3149 hominis
741 3089 968 3149 valebit
1006 3089 1086 3147 ad
1115 3107 1437 3148 commune
1485 3087 1717 3146 bonum
1766 3088 2010 3167 generis

285 3193 556 3264 humani,
583 3193 712 3253 >ubi
751 3213 861 3272 per
902 3211 1007 3252 eos
1054 3210 1208 3271 quos
1247 3189 1538 3259 adhibent
1565 3189 1866 3258 terminos
1905 3192 2008 3251 de-

286 3294 450 3374 cepti
477 3282 776 3368 homines,
802 3294 881 3356 ad
907 3294 974 3354 id
1002 3292 1168 3378 quod
1194 3291 1431 3362 nollent
1459 3292 1768 3372 agendum
1789 3293 2007 3354 fraude

283 3397 696 3477 impellantur.
1030 3379 1035 3384 ’
