2236 3814
1009 254 1084 312 21

185 419 449 484 maixime
493 426 803 491 constent,
835 439 949 498 pro
993 425 1234 477 naturae
1278 417 1483 497 potius
1517 440 1700 499 quam
1729 420 1924 481 homi-

184 545 336 587 num
401 523 676 584 motibus
751 528 900 583 sunt
968 522 1270 582 habenda.
1391 521 1562 596 Quos
1617 526 1924 585 tumultus

187 634 374 708 atque
422 627 809 687 incursiones
869 625 922 686 si
981 626 1230 705 quando
1282 627 1691 686 tractaverint
1738 629 1924 706 juris-

190 731 395 812 periti,
457 731 610 792 satis
663 751 799 790 esse
843 729 1249 801 arbitrantur,
1281 736 1354 789 ut
1401 730 1631 802 dicant,
1678 730 1744 789 in
1786 731 1924 790 istis

186 857 581 918 nequaquam
628 836 868 896 Bellum
931 834 1294 906 consistere,
1359 835 1471 894 sed
1526 834 1925 895 latrocinium

188 941 580 1002 solummodo
610 946 673 1000 et
701 939 1167 1020 praedationem.

267 1043 673 1104 Facinoribus
717 1042 1073 1122 hujusmodi
1118 1041 1171 1101 si
1207 1040 1342 1121 quis
1390 1062 1456 1101 se
1496 1040 1923 1112 immiscuerit,

186 1167 328 1210 cum
358 1168 431 1208 eo
459 1153 533 1207 ut
564 1167 705 1206 cum
735 1146 1028 1226 praedone
1059 1166 1244 1225 agere
1275 1152 1338 1205 et
1366 1145 1512 1205 licet
1542 1151 1605 1204 et
1636 1152 1885 1224 oportet
1910 1167 1925 1216 ;

187 1271 449 1331 eumque
473 1249 683 1331 (modo
715 1256 993 1310 armatus
1015 1248 1539 1330 deprehendatur)
1567 1249 1697 1308 sine
1729 1269 1930 1309 causae

188 1355 541 1434 cognitione
600 1355 680 1414 ad
737 1360 1004 1414 mortem
1056 1354 1370 1414 damnare.
1462 1352 1645 1426 Quod
1694 1352 1929 1412 factum

186 1458 450 1537 legimus
480 1458 606 1529 ubi,
639 1478 779 1517 cum
810 1479 973 1517 anno
1007 1459 1190 1529 1602,
1218 1457 1363 1516 Dux
1389 1456 1733 1528 Sabaudiae,
1765 1455 1932 1514 nulla

188 1560 359 1642 prius
405 1561 873 1620 denuntiatione
929 1560 1112 1631 facta,
1175 1559 1643 1620 Genevensibus
1701 1560 1931 1619 bellum

187 1665 441 1725 intulit:
491 1671 798 1744 quotquot
842 1686 919 1724 ex
960 1665 1237 1724 hostium
1279 1685 1540 1723 numero
1586 1663 1652 1723 in
1704 1664 1931 1724 civium

187 1789 409 1830 manus
452 1769 828 1840 inciderunt,
876 1789 1063 1848 super
1105 1767 1335 1827 moenia
1377 1767 1552 1826 urbis
1588 1767 1745 1827 collo
1795 1788 1929 1827 sus-

188 1872 366 1953 pensi
417 1878 584 1932 sunt.
695 1872 854 1931 Rem
899 1871 990 1931 ita
1036 1872 1264 1931 acriter
1319 1877 1523 1930 actam
1562 1870 1929 1950 jurisperiti,

188 1976 537 2057 praesertim
564 1975 892 2046 Vatellius,
925 1982 1226 2054 tanquam
1271 1974 1699 2034 authenticum
1731 1995 1930 2034 exem-

189 2081 364 2160 plum
401 2080 712 2140 memoriae
759 2080 1172 2139 tradiderunt.
1262 2080 1351 2137 At
1385 2078 1539 2136 illud
1586 2084 1680 2136 est
1725 2079 1931 2138 obser-

190 2184 482 2255 vandum,
540 2182 865 2244 Sabaudiae
913 2183 1152 2242 Ducem
1202 2203 1522 2261 nunquam
1582 2202 1801 2241 ausum
1853 2183 1933 2242 ad

190 2288 486 2349 talionem
506 2287 838 2368 confugere
859 2309 875 2358 ;
924 2307 1261 2366 omnesque
1286 2286 1626 2346 assensisse
1649 2287 1932 2346 nationes

191 2391 335 2453 huic
407 2391 777 2452 constantiae
840 2391 1020 2451 simul
1095 2411 1168 2450 ac
1229 2390 1492 2470 justitiae
1565 2390 1931 2461 executioni,

193 2495 368 2576 cujus
418 2501 483 2555 et
530 2494 732 2575 gratia
781 2488 1057 2576 parvulae
1107 2494 1215 2554 isti
1259 2494 1499 2555 civitati
1540 2501 1637 2553 est
1690 2501 1937 2555 servata

190 2599 466 2662 libertas,
681 2671 683 2674 ¹

277 2703 374 2764 De
401 2703 578 2764 bellis
623 2702 856 2764 illicitis
902 2703 1145 2783 quoties
1177 2724 1254 2763 ex
1283 2703 1400 2763 alia
1429 2701 1614 2763 causa
1646 2702 1937 2761 duxerint

195 2807 498 2887 originem
527 2828 599 2867 ac
630 2828 706 2867 ex
723 2807 1199 2887 migrationibus
1221 2808 1650 2878 barbarorum,
1673 2828 1800 2866 non
1819 2807 1937 2866 alio

194 2912 381 2971 modo
421 2917 519 2971 est
559 2911 911 2990 judicatum
958 2933 1143 2991 quam
1194 2913 1271 2972 de
1317 2911 1714 2992 praedonibus
1754 2911 1936 2970 mari-

194 3014 384 3087 timis,
418 3035 529 3075 seu
558 3015 634 3075 de
663 3015 1082 3075 moliminibus
1111 3015 1426 3076 latronum
1455 3016 1520 3074 in
1551 3014 1740 3095 sylvis
1765 3034 1937 3093 gras-

198 3117 490 3189 santium,
524 3138 635 3179 seu
665 3119 741 3179 de
769 3119 1120 3180 homicidiis
1149 3119 1614 3197 latrociniisque
1642 3136 1807 3189 rure,
1840 3116 1939 3177 vel

195 3221 365 3282 intra
391 3222 623 3282 moenia
651 3224 1046 3304 perpetratis.

281 3325 428 3386 Huc
469 3326 610 3406 jure
651 3327 1009 3388 referuntur
1053 3346 1269 3388 omnes
1312 3325 1550 3386 nostris·
1584 3324 1754 3385 hisce
1783 3330 1938 3384 tem-

168 3428 453 3509 poribus
488 3430 654 3491 terra
699 3431 979 3512 marique
1026 3430 1410 3492 exercituum
1456 3429 1686 3510 patrati
1728 3428 1936 3489 nisus:
