2236 3814
990 264 1066 321 33

165 429 386 489 fuisset
445 435 714 509 gestum,
764 429 1019 509 paulum
1077 428 1274 489 abfuit
1333 430 1481 509 quin
1529 430 1752 492 exinde
1800 453 1913 511 per

164 533 520 595 universam
552 533 871 614 Europam
901 534 1336 594 exardesceret
1355 534 1623 605 bellum3
1674 555 1914 595 summa

165 643 379 697 secuta
418 643 515 697 est
552 657 764 697 rerum
795 636 1071 697 omnium
1103 636 1404 708 confusiO,
1440 637 1589 695 dum
1621 658 1910 717 expensae

169 739 488 801 Gallorum
516 741 582 800 in
609 762 678 800 re
708 740 962 800 militari
990 741 1159 800 haud
1189 740 1498 801 mediocre
1539 747 1915 820 acceperunt

160 845 630 918 incrementum,
677 852 740 906 et
785 845 906 927 ipsi
957 845 1196 907 civitati
1242 844 1627 905 Parisiorum
1677 844 1909 904 additae

168 956 316 1010 sunt
343 950 743 1011 munitiones

251 1055 446 1115 Porro
491 1055 648 1115 nihil
699 1055 1002 1136 ejusmodi
1047 1055 1268 1116 fuisset
1314 1061 1697 1135 susceptum,
1731 1055 1913 1114 modo

160 1160 458 1220 valuisset
501 1161 668 1240 apud
709 1161 809 1221 Vel
850 1160 1035 1220 unius
1080 1160 1288 1240 gentis
1332 1159 1696 1219 Ministrum
1743 1165 1781 1190 ‘⁶
1803 1159 1905 1219 vel

166 1264 407 1345 Legum
463 1265 830 1338 reverentia,
890 1266 989 1326 vel
1059 1265 1248 1325 timor
1319 1285 1524 1345 poenae
1596 1285 1632 1322 a
1706 1263 1911 1344 seipso

165 1369 470 1429 luendae.''
497 1371 530 1407 ’ξ
591 1369 724 1429 Nec
753 1370 961 1430 locum
988 1369 1215 1430 habere
1244 1368 1552 1449 potuisset
1575 1368 1913 1448 quidquam

167 1475 410 1546 horum,
470 1473 590 1534 nisi
648 1474 835 1534 etiam
892 1474 936 1533 ii
994 1474 1217 1554 quibus
1275 1474 1477 1553 Leges
1537 1471 1913 1552 exsequendi

168 1577 472 1639 incumbit
555 1598 721 1650 cura,
786 1578 903 1638 sibi
973 1578 1290 1659 propriam
1362 1577 1654 1638 fecissent
1704 1581 1912 1655 potes-

168 1689 367 1744 tatem
424 1682 656 1743 bellum
712 1704 826 1763 pro
883 1683 1087 1741 lubitu
1143 1681 1517 1753 intentandi,
1579 1679 1913 1761 Deputatis

168 1787 557 1848 inconsultis,
694 1787 866 1847 Nihil
937 1787 1162 1847 horum
1245 1794 1412 1846 esset
1492 1784 1727 1845 factum
1793 1783 1915 1843 nisi

170 1899 360 1973 prout
391 1892 680 1964 diximus,
718 1898 757 1924 “
785 1891 1106 1953 Secretum
1137 1890 1328 1971 Regis
1356 1889 1699 1950 Concilium
1723 1887 1760 1914 ’⁹
1809 1888 1916 1948 isti

174 2005 212 2029 “
241 1996 629 2058 Secretiori''
665 1997 994 2067 cessisset3
1045 2016 1161 2055 nec
1203 1995 1325 2055 nisi
1370 2015 1505 2055 mos
1549 1993 1916 2054 invaluisset

171 2108 244 2161 ut
274 2101 499 2180 Legati
526 2106 966 2181 permanenter
997 2100 1164 2179 apud
1203 2104 1448 2158 exteras
1487 2104 1715 2177 ,gentes
1759 2096 1909 2156 resi-

174 2207 394 2266 derent
418 2226 434 2276 3
467 2205 634 2264 unde
656 2203 890 2264 factum
909 2209 1025 2276 est,
1046 2209 1118 2262 ut
1138 2203 1405 2274 interna,
1432 2201 1918 2280 uniuscujusque

174 2309 448 2371 conditio
496 2308 767 2369 externis
816 2308 1188 2387 quibusdam
1246 2305 1710 2366 conditionibus
1771 2314 1915 2364 con-

172 2414 344 2474 tinue
403 2413 670 2474 obnoxia
727 2418 912 2473 esset.
1005 2411 1162 2471 Haec
1223 2411 1429 2471 omnia
1482 2410 1747 2488 denique
1790 2429 1918 2468 non

172 2519 542 2590 evenissent,
576 2517 761 2578 modo
792 2537 1008 2578 omnes
1042 2515 1544 2577 Christianorum
1585 2514 1915 2575 societates

172 2623 237 2682 id
267 2623 511 2684 assidue
541 2623 919 2694 docuissent,
954 2622 1174 2682 eodem
1203 2641 1428 2701 nempe
1457 2620 1643 2679 modo
1674 2617 1923 2699 peccari

175 2726 283 2787 ubi
326 2727 461 2806 quis
505 2726 819 2806 plurimos·
849 2725 1033 2786 simul
1077 2724 1337 2796 occidat,
1371 2744 1443 2783 ac
1486 2722 1593 2782 ubi
1640 2720 1919 2799 singulos

175 2831 467 2892 trucidet.
559 2828 742 2904 Quod
786 2830 839 2890 si
880 2830 971 2889 ita
1001 2829 1232 2890 etenim
1277 2827 1486 2900 fuerit,
1524 2847 1653 2887 non
1675 2826 1809 2906 jam
1847 2843 1924 2883 ex

176 2935 360 2996 unius
389 2935 665 2995 Ministri
695 2934 950 2995 arbitrio
984 2934 1252 2995 oriretur
1289 2933 1523 2994 bellum
1546 2953 1562 3003 ;
1609 2930 1763 2991 nihil
1792 2928 1924 3007 jam

176 3041 456 3102 valerent
500 3040 774 3121 epistolae
803 3039 1242 3100 Ministrorum
1272 3039 1353 3098 ad
1381 3057 1483 3097 res
1524 3053 1742 3095 omnes
1781 3051 1921 3112 per-

177 3145 554 3205 turbandas:
624 3144 966 3223 malignum
1024 3143 1287 3222 denique
1337 3141 1492 3201 illud
1541 3157 1773 3197 numen
1825 3134 1925 3194 cui

247 3361 274 3386 ⁴⁶
323 3362 476 3410 Hisce
512 3363 676 3412 verbis
710 3379 829 3411 usus
869 3367 944 3410 est
990 3361 1192 3424 quidam
1237 3361 1298 3407 de
1346 3357 1563 3405 Domino
1610 3354 1923 3403 Palmerston

181 3440 385 3502 loquens
407 3440 462 3488 in
486 3440 822 3489 Parliamento
845 3439 1075 3502 Anglico,
1101 3454 1268 3486 mense
1291 3434 1563 3494 Februarii,
1595 3433 1737 3481 1848.

1047 3566 1082 3606 E
