<?xml version="1.0" encoding="UTF-8"?>
<!DOCTYPE html PUBLIC "-//W3C//DTD XHTML 1.0 Transitional//EN"
    "http://www.w3.org/TR/xhtml1/DTD/xhtml1-transitional.dtd">
<html xmlns="http://www.w3.org/1999/xhtml" xml:lang="en" lang="en">
 <head>
  <title>
</title>
<meta http-equiv="Content-Type" content="text/html;charset=utf-8" />
  <meta name='ocr-system' content='tesseract 3.04.00' />
  <meta name='ocr-capabilities' content='ocr_page ocr_carea ocr_par ocr_line ocrx_word'/>
</head>
<body>
  <div class='ocr_page' id='page_1' title='image "a611530900urquuoft_0065.png"; bbox 0 0 2236 3814; ppageno 0'>
   <div class='ocr_carea' id='block_1_1' title="bbox 1053 226 1127 284">
    <p class='ocr_par' dir='ltr' id='par_1_1' title="bbox 1053 226 1127 284">
     <span class='ocr_line' id='line_1_1' title="bbox 1053 226 1127 284; baseline -0.014 0"><span class='ocrx_word' id='word_1_1' title='bbox 1053 226 1127 284; x_wconf 89' lang='grc'>61</span> 
     </span>
    </p>
   </div>
   <div class='ocr_carea' id='block_1_2' title="bbox 222 389 1974 3457">
    <p class='ocr_par' dir='ltr' id='par_1_2' title="bbox 231 389 1974 782">
     <span class='ocr_line' id='line_1_2' title="bbox 236 389 1972 467; baseline -0.004 -10"><span class='ocrx_word' id='word_1_2' title='bbox 236 393 418 457; x_wconf 93' lang='lat' dir='ltr'>condi</span> <span class='ocrx_word' id='word_1_3' title='bbox 467 393 688 454; x_wconf 79' lang='lat' dir='ltr'>debeat</span> <span class='ocrx_word' id='word_1_4' title='bbox 742 392 1081 461; x_wconf 90' lang='lat' dir='ltr'>decretum,</span> <span class='ocrx_word' id='word_1_5' title='bbox 1122 408 1477 467; x_wconf 88' lang='lat' dir='ltr'>novumque</span> <span class='ocrx_word' id='word_1_6' title='bbox 1523 389 1821 449; x_wconf 90' lang='lat' dir='ltr'>constitui</span> <span class='ocrx_word' id='word_1_7' title='bbox 1863 390 1972 450; x_wconf 88' lang='lat' dir='ltr'>tri-</span> 
     </span>
     <span class='ocr_line' id='line_1_3' title="bbox 232 491 1974 570; baseline -0.003 -13"><span class='ocrx_word' id='word_1_8' title='bbox 232 495 440 557; x_wconf 85' lang='lat' dir='ltr'>bunal.</span> <span class='ocrx_word' id='word_1_9' title='bbox 557 494 635 554; x_wconf 94' lang='lat' dir='ltr'>In</span> <span class='ocrx_word' id='word_1_10' title='bbox 683 491 944 554; x_wconf 60' lang='grc'>(161161111-</span> <span class='ocrx_word' id='word_1_11' title='bbox 992 496 1304 552; x_wconf 86' lang='lat' dir='ltr'>conventu</span> <span class='ocrx_word' id='word_1_12' title='bbox 1361 496 1590 570; x_wconf 87' lang='lat' dir='ltr'>praeter</span> <span class='ocrx_word' id='word_1_13' title='bbox 1634 492 1974 570; x_wconf 82' lang='lat' dir='ltr'>periculum</span> 
     </span>
     <span class='ocr_line' id='line_1_4' title="bbox 232 593 1972 675; baseline -0.002 -16"><span class='ocrx_word' id='word_1_14' title='bbox 232 599 387 659; x_wconf 81' lang='lat' dir='ltr'>nihil</span> <span class='ocrx_word' id='word_1_15' title='bbox 427 597 778 668; x_wconf 86' lang='lat' dir='ltr'>invenitur3</span> <span class='ocrx_word' id='word_1_16' title='bbox 837 596 1023 675; x_wconf 86' lang='lat' dir='ltr'>quod,</span> <span class='ocrx_word' id='word_1_17' title='bbox 1073 594 1279 675; x_wconf 90' lang='lat' dir='ltr'>ipsum</span> <span class='ocrx_word' id='word_1_18' title='bbox 1331 593 1410 654; x_wconf 89' lang='lat' dir='ltr'>ob</span> <span class='ocrx_word' id='word_1_19' title='bbox 1455 593 1816 673; x_wconf 86' lang='lat' dir='ltr'>periculum,</span> <span class='ocrx_word' id='word_1_20' title='bbox 1858 616 1972 675; x_wconf 88' lang='lat' dir='ltr'>pro</span> 
     </span>
     <span class='ocr_line' id='line_1_5' title="bbox 231 696 1293 782; baseline -0.006 -20"><span class='ocrx_word' id='word_1_21' title='bbox 231 704 405 764; x_wconf 91' lang='lat' dir='ltr'>lucro</span> <span class='ocrx_word' id='word_1_22' title='bbox 436 709 533 763; x_wconf 89' lang='lat' dir='ltr'>est</span> <span class='ocrx_word' id='word_1_23' title='bbox 560 696 993 782; x_wconf 83' lang='lat' dir='ltr'>reputandum.</span> <span class='ocrx_word' id='word_1_24' title='bbox 1291 696 1293 699; x_wconf 42' lang='lat'><em>⁴</em></span> 
     </span>
    </p>

    <p class='ocr_par' dir='ltr' id='par_1_3' title="bbox 228 801 1974 1491">
     <span class='ocr_line' id='line_1_6' title="bbox 316 801 1971 887; baseline -0.004 -19"><span class='ocrx_word' id='word_1_25' title='bbox 316 806 467 882; x_wconf 81' lang='lat' dir='ltr'>Quae</span> <span class='ocrx_word' id='word_1_26' title='bbox 495 807 595 866; x_wconf 90' lang='lat' dir='ltr'>hic</span> <span class='ocrx_word' id='word_1_27' title='bbox 622 810 1072 887; x_wconf 90' lang='lat' dir='ltr'>proponuntur,</span> <span class='ocrx_word' id='word_1_28' title='bbox 1106 824 1179 863; x_wconf 91' lang='lat' dir='ltr'>ea</span> <span class='ocrx_word' id='word_1_29' title='bbox 1205 801 1458 862; x_wconf 87' lang='lat' dir='ltr'>maximi</span> <span class='ocrx_word' id='word_1_30' title='bbox 1498 808 1644 862; x_wconf 92' lang='lat' dir='ltr'>sunt</span> <span class='ocrx_word' id='word_1_31' title='bbox 1673 801 1971 875; x_wconf 83' lang='lat' dir='ltr'>facienda,</span> 
     </span>
     <span class='ocr_line' id='line_1_7' title="bbox 231 906 1974 991; baseline -0.002 -19"><span class='ocrx_word' id='word_1_32' title='bbox 231 912 708 991; x_wconf 84' lang='lat' dir='ltr'>maximumque,</span> <span class='ocrx_word' id='word_1_33' title='bbox 740 928 906 969; x_wconf 92' lang='lat' dir='ltr'>nunc</span> <span class='ocrx_word' id='word_1_34' title='bbox 938 914 1000 968; x_wconf 93' lang='lat' dir='ltr'>et</span> <span class='ocrx_word' id='word_1_35' title='bbox 1027 907 1094 966; x_wconf 92' lang='lat' dir='ltr'>in</span> <span class='ocrx_word' id='word_1_36' title='bbox 1132 913 1473 987; x_wconf 86' lang='lat' dir='ltr'>posterum,</span> <span class='ocrx_word' id='word_1_37' title='bbox 1508 913 1656 966; x_wconf 93' lang='lat' dir='ltr'>sunt</span> <span class='ocrx_word' id='word_1_38' title='bbox 1685 906 1974 968; x_wconf 90' lang='lat' dir='ltr'>habitura</span> 
     </span>
     <span class='ocr_line' id='line_1_8' title="bbox 230 1011 1974 1093; baseline -0.002 -19"><span class='ocrx_word' id='word_1_39' title='bbox 230 1015 551 1075; x_wconf 84' lang='lat' dir='ltr'>influxum.</span> <span class='ocrx_word' id='word_1_40' title='bbox 642 1013 709 1076; x_wconf 84' lang='lat' dir='ltr'>Si</span> <span class='ocrx_word' id='word_1_41' title='bbox 749 1013 895 1093; x_wconf 88' lang='lat' dir='ltr'>quid</span> <span class='ocrx_word' id='word_1_42' title='bbox 937 1033 1050 1093; x_wconf 86' lang='lat' dir='ltr'>pro</span> <span class='ocrx_word' id='word_1_43' title='bbox 1080 1011 1222 1073; x_wconf 75' lang='lat' dir='ltr'>vere</span> <span class='ocrx_word' id='word_1_44' title='bbox 1266 1031 1480 1089; x_wconf 65' lang='lat' dir='ltr'>‘mayno</span> <span class='ocrx_word' id='word_1_45' title='bbox 1519 1011 1734 1071; x_wconf 85' lang='lat' dir='ltr'>haberi</span> <span class='ocrx_word' id='word_1_46' title='bbox 1761 1018 1974 1091; x_wconf 86' lang='lat' dir='ltr'>potest</span> 
     </span>
     <span class='ocr_line' id='line_1_9' title="bbox 232 1115 1967 1197; baseline -0.002 -18"><span class='ocrx_word' id='word_1_47' title='bbox 232 1118 574 1190; x_wconf 87' lang='lat' dir='ltr'>conamine,</span> <span class='ocrx_word' id='word_1_48' title='bbox 621 1118 747 1178; x_wconf 89' lang='lat' dir='ltr'>tale</span> <span class='ocrx_word' id='word_1_49' title='bbox 804 1117 1018 1197; x_wconf 84' lang='lat' dir='ltr'>utique</span> <span class='ocrx_word' id='word_1_50' title='bbox 1074 1115 1223 1174; x_wconf 88' lang='lat' dir='ltr'>illud</span> <span class='ocrx_word' id='word_1_51' title='bbox 1282 1121 1378 1175; x_wconf 92' lang='lat' dir='ltr'>est</span> <span class='ocrx_word' id='word_1_52' title='bbox 1437 1115 1513 1174; x_wconf 94' lang='lat' dir='ltr'>de</span> <span class='ocrx_word' id='word_1_53' title='bbox 1573 1136 1694 1194; x_wconf 87' lang='lat' dir='ltr'>quo</span> <span class='ocrx_word' id='word_1_54' title='bbox 1742 1116 1967 1196; x_wconf 84' lang='lat' dir='ltr'>agitur.</span> 
     </span>
     <span class='ocr_line' id='line_1_10' title="bbox 231 1219 1972 1302; baseline -0.001 -20"><span class='ocrx_word' id='word_1_55' title='bbox 231 1221 551 1297; x_wconf 81' lang='lat' dir='ltr'>Quocirca,</span> <span class='ocrx_word' id='word_1_56' title='bbox 582 1222 647 1282; x_wconf 90' lang='lat' dir='ltr'>in</span> <span class='ocrx_word' id='word_1_57' title='bbox 667 1222 1050 1302; x_wconf 84' lang='lat' dir='ltr'>singulorum</span> <span class='ocrx_word' id='word_1_58' title='bbox 1071 1219 1291 1280; x_wconf 89' lang='lat' dir='ltr'>animis</span> <span class='ocrx_word' id='word_1_59' title='bbox 1307 1220 1741 1279; x_wconf 79' lang='lat' dir='ltr'>tantummodo</span> <span class='ocrx_word' id='word_1_60' title='bbox 1763 1227 1972 1300; x_wconf 90' lang='lat' dir='ltr'>potest</span> 
     </span>
     <span class='ocr_line' id='line_1_11' title="bbox 232 1321 1972 1387; baseline -0.002 0"><span class='ocrx_word' id='word_1_61' title='bbox 232 1326 567 1387; x_wconf 85' lang='lat' dir='ltr'>elaborari:</span> <span class='ocrx_word' id='word_1_62' title='bbox 617 1346 731 1387; x_wconf 91' lang='lat' dir='ltr'>nec</span> <span class='ocrx_word' id='word_1_63' title='bbox 770 1326 934 1385; x_wconf 88' lang='lat' dir='ltr'>ullus</span> <span class='ocrx_word' id='word_1_64' title='bbox 982 1323 1229 1385; x_wconf 81' lang='lat' dir='ltr'>omnino</span> <span class='ocrx_word' id='word_1_65' title='bbox 1280 1321 1494 1383; x_wconf 85' lang='lat' dir='ltr'>Coetus</span> <span class='ocrx_word' id='word_1_66' title='bbox 1539 1322 1802 1383; x_wconf 90' lang='lat' dir='ltr'>idoneus</span> <span class='ocrx_word' id='word_1_67' title='bbox 1853 1325 1972 1384; x_wconf 87' lang='lat' dir='ltr'>erit</span> 
     </span>
     <span class='ocr_line' id='line_1_12' title="bbox 228 1429 614 1491; baseline 0 -2"><span class='ocrx_word' id='word_1_68' title='bbox 228 1429 373 1491; x_wconf 89' lang='lat' dir='ltr'>huic</span> <span class='ocrx_word' id='word_1_69' title='bbox 399 1430 614 1490; x_wconf 89' lang='lat' dir='ltr'>labori.</span> 
     </span>
    </p>

    <p class='ocr_par' dir='ltr' id='par_1_4' title="bbox 229 1532 1971 1802">
     <span class='ocr_line' id='line_1_13' title="bbox 313 1532 1971 1616; baseline -0.002 -21"><span class='ocrx_word' id='word_1_70' title='bbox 313 1534 516 1616; x_wconf 86' lang='lat' dir='ltr'>Hujus</span> <span class='ocrx_word' id='word_1_71' title='bbox 559 1534 833 1616; x_wconf 78' lang='lat' dir='ltr'>profecto</span> <span class='ocrx_word' id='word_1_72' title='bbox 873 1534 1073 1615; x_wconf 88' lang='lat' dir='ltr'>operis</span> <span class='ocrx_word' id='word_1_73' title='bbox 1099 1532 1467 1613; x_wconf 76' lang='lat' dir='ltr'>jamdudum</span> <span class='ocrx_word' id='word_1_74' title='bbox 1512 1532 1800 1593; x_wconf 83' lang='lat' dir='ltr'>Pontifex</span> <span class='ocrx_word' id='word_1_75' title='bbox 1819 1532 1971 1612; x_wconf 84' lang='lat' dir='ltr'>jecit</span> 
     </span>
     <span class='ocr_line' id='line_1_14' title="bbox 229 1636 1970 1716; baseline 0 -20"><span class='ocrx_word' id='word_1_76' title='bbox 229 1636 674 1699; x_wconf 87' lang='lat' dir='ltr'>fundamenta:</span> <span class='ocrx_word' id='word_1_77' title='bbox 724 1638 935 1699; x_wconf 87' lang='lat' dir='ltr'>extolli</span> <span class='ocrx_word' id='word_1_78' title='bbox 990 1636 1242 1697; x_wconf 76' lang='lat' dir='ltr'>tantum</span> <span class='ocrx_word' id='word_1_79' title='bbox 1301 1636 1484 1697; x_wconf 91' lang='lat' dir='ltr'>debet</span> <span class='ocrx_word' id='word_1_80' title='bbox 1531 1636 1727 1716; x_wconf 86' lang='lat' dir='ltr'>ipsius</span> <span class='ocrx_word' id='word_1_81' title='bbox 1775 1637 1970 1696; x_wconf 88' lang='lat' dir='ltr'>moles</span> 
     </span>
     <span class='ocr_line' id='line_1_15' title="bbox 230 1739 1904 1802; baseline -0.001 0"><span class='ocrx_word' id='word_1_82' title='bbox 230 1741 490 1802; x_wconf 87' lang='lat' dir='ltr'>aedificii.</span> <span class='ocrx_word' id='word_1_83' title='bbox 1560 1758 1562 1761; x_wconf 77' lang='grc'>’</span> <span class='ocrx_word' id='word_1_84' title='bbox 1899 1739 1904 1744; x_wconf 84' lang='grc'><strong>’</strong></span> 
     </span>
    </p>

    <p class='ocr_par' dir='ltr' id='par_1_5' title="bbox 226 1843 1970 2423">
     <span class='ocr_line' id='line_1_16' title="bbox 313 1843 1970 1926; baseline -0.001 -21"><span class='ocrx_word' id='word_1_85' title='bbox 313 1843 496 1919; x_wconf 80' lang='lat' dir='ltr'>Quod</span> <span class='ocrx_word' id='word_1_86' title='bbox 539 1846 620 1905; x_wconf 89' lang='lat' dir='ltr'>ad</span> <span class='ocrx_word' id='word_1_87' title='bbox 664 1846 943 1906; x_wconf 71' lang='lat' dir='ltr'>terminos</span> <span class='ocrx_word' id='word_1_88' title='bbox 989 1851 1249 1926; x_wconf 85' lang='lat' dir='ltr'>spectat,</span> <span class='ocrx_word' id='word_1_89' title='bbox 1298 1844 1523 1905; x_wconf 88' lang='lat' dir='ltr'>horum</span> <span class='ocrx_word' id='word_1_90' title='bbox 1576 1865 1816 1904; x_wconf 93' lang='lat' dir='ltr'>errores</span> <span class='ocrx_word' id='word_1_91' title='bbox 1838 1846 1970 1924; x_wconf 85' lang='lat' dir='ltr'>jam</span> 
     </span>
     <span class='ocr_line' id='line_1_17' title="bbox 235 1947 1970 2009; baseline -0.001 0"><span class='ocrx_word' id='word_1_92' title='bbox 235 1949 625 2009; x_wconf 87' lang='lat' dir='ltr'>denuntiavit</span> <span class='ocrx_word' id='word_1_93' title='bbox 653 1947 984 2008; x_wconf 75' lang='lat' dir='ltr'>Pontifex:</span> <span class='ocrx_word' id='word_1_94' title='bbox 1033 1949 1286 2008; x_wconf 90' lang='lat' dir='ltr'>eosdem</span> <span class='ocrx_word' id='word_1_95' title='bbox 1335 1969 1524 2008; x_wconf 90' lang='lat' dir='ltr'>sensu</span> <span class='ocrx_word' id='word_1_96' title='bbox 1554 1969 1764 2008; x_wconf 90' lang='lat' dir='ltr'>carere</span> <span class='ocrx_word' id='word_1_97' title='bbox 1803 1968 1970 2008; x_wconf 93' lang='lat' dir='ltr'>nunc</span> 
     </span>
     <span class='ocr_line' id='line_1_18' title="bbox 229 2047 1969 2131; baseline -0.002 -19"><span class='ocrx_word' id='word_1_98' title='bbox 229 2052 780 2113; x_wconf 88' lang='lat' dir='ltr'>demonstrandum</span> <span class='ocrx_word' id='word_1_99' title='bbox 802 2048 1101 2123; x_wconf 87' lang='lat' dir='ltr'>remanet,</span> <span class='ocrx_word' id='word_1_100' title='bbox 1118 2047 1195 2110; x_wconf 33' lang='lat' dir='ltr'>‘ut</span> <span class='ocrx_word' id='word_1_101' title='bbox 1221 2049 1460 2112; x_wconf 74' lang='lat' dir='ltr'>Summi</span> <span class='ocrx_word' id='word_1_102' title='bbox 1484 2051 1766 2111; x_wconf 87' lang='lat' dir='ltr'>Pastoris</span> <span class='ocrx_word' id='word_1_103' title='bbox 1791 2051 1969 2131; x_wconf 84' lang='lat' dir='ltr'>gregi</span> 
     </span>
     <span class='ocr_line' id='line_1_19' title="bbox 226 2153 1969 2235; baseline -0.001 -22"><span class='ocrx_word' id='word_1_104' title='bbox 226 2153 468 2235; x_wconf 83' lang='lat' dir='ltr'>plenius</span> <span class='ocrx_word' id='word_1_105' title='bbox 497 2154 707 2214; x_wconf 89' lang='lat' dir='ltr'>lumen</span> <span class='ocrx_word' id='word_1_106' title='bbox 734 2153 1119 2225; x_wconf 70' lang='lat' dir='ltr'>infundatur,</span> <span class='ocrx_word' id='word_1_107' title='bbox 1153 2175 1224 2214; x_wconf 92' lang='lat' dir='ltr'>eo</span> <span class='ocrx_word' id='word_1_108' title='bbox 1255 2154 1376 2213; x_wconf 90' lang='lat' dir='ltr'>fine</span> <span class='ocrx_word' id='word_1_109' title='bbox 1404 2160 1478 2213; x_wconf 89' lang='lat' dir='ltr'>ut</span> <span class='ocrx_word' id='word_1_110' title='bbox 1506 2155 1738 2213; x_wconf 88' lang='lat' dir='ltr'>bellum</span> <span class='ocrx_word' id='word_1_111' title='bbox 1766 2154 1969 2233; x_wconf 88' lang='lat' dir='ltr'>possit</span> 
     </span>
     <span class='ocr_line' id='line_1_20' title="bbox 226 2257 1968 2338; baseline 0 -21"><span class='ocrx_word' id='word_1_112' title='bbox 226 2258 549 2319; x_wconf 91' lang='lat' dir='ltr'>intendere</span> <span class='ocrx_word' id='word_1_113' title='bbox 579 2265 796 2318; x_wconf 90' lang='lat' dir='ltr'>contra</span> <span class='ocrx_word' id='word_1_114' title='bbox 824 2257 1114 2331; x_wconf 76' lang='lat' dir='ltr'>fallaciaS,</span> <span class='ocrx_word' id='word_1_115' title='bbox 1140 2257 1362 2338; x_wconf 88' lang='lat' dir='ltr'>quibus</span> <span class='ocrx_word' id='word_1_116' title='bbox 1388 2258 1739 2329; x_wconf 85' lang='lat' dir='ltr'>obvolutus,</span> <span class='ocrx_word' id='word_1_117' title='bbox 1768 2257 1968 2318; x_wconf 89' lang='lat' dir='ltr'>omnis</span> 
     </span>
     <span class='ocr_line' id='line_1_21' title="bbox 227 2362 815 2423; baseline -0.003 0"><span class='ocrx_word' id='word_1_118' title='bbox 227 2383 400 2423; x_wconf 89' lang='lat' dir='ltr'>error</span> <span class='ocrx_word' id='word_1_119' title='bbox 440 2362 815 2423; x_wconf 69' lang='lat' dir='ltr'>continetur.</span> 
     </span>
    </p>

    <p class='ocr_par' dir='ltr' id='par_1_6' title="bbox 222 2464 1968 3457">
     <span class='ocr_line' id='line_1_22' title="bbox 311 2464 1968 2545; baseline 0 -20"><span class='ocrx_word' id='word_1_120' title='bbox 311 2464 488 2525; x_wconf 91' lang='lat' dir='ltr'>Inter</span> <span class='ocrx_word' id='word_1_121' title='bbox 518 2471 723 2525; x_wconf 92' lang='lat' dir='ltr'>cetera</span> <span class='ocrx_word' id='word_1_122' title='bbox 752 2485 943 2544; x_wconf 87' lang='lat' dir='ltr'>eaque</span> <span class='ocrx_word' id='word_1_123' title='bbox 972 2485 1218 2545; x_wconf 76' lang='lat' dir='ltr'>magnae</span> <span class='ocrx_word' id='word_1_124' title='bbox 1246 2464 1520 2537; x_wconf 87' lang='lat' dir='ltr'>virtutis,</span> <span class='ocrx_word' id='word_1_125' title='bbox 1541 2464 1816 2524; x_wconf 86' lang='lat' dir='ltr'>remedia</span> <span class='ocrx_word' id='word_1_126' title='bbox 1844 2464 1968 2525; x_wconf 90' lang='lat' dir='ltr'>huc</span> 
     </span>
     <span class='ocr_line' id='line_1_23' title="bbox 227 2568 1966 2649; baseline -0.001 -20"><span class='ocrx_word' id='word_1_127' title='bbox 227 2569 656 2640; x_wconf 68' lang='lat' dir='ltr'>conducentia,</span> <span class='ocrx_word' id='word_1_128' title='bbox 693 2569 849 2628; x_wconf 73' lang='lat' dir='ltr'>bene</span> <span class='ocrx_word' id='word_1_129' title='bbox 895 2575 1262 2629; x_wconf 88' lang='lat' dir='ltr'>numeratur</span> <span class='ocrx_word' id='word_1_130' title='bbox 1306 2590 1378 2630; x_wconf 92' lang='lat' dir='ltr'>ea</span> <span class='ocrx_word' id='word_1_131' title='bbox 1420 2569 1672 2649; x_wconf 87' lang='lat' dir='ltr'>puerilis</span> <span class='ocrx_word' id='word_1_132' title='bbox 1719 2568 1966 2628; x_wconf 91' lang='lat' dir='ltr'>institu-</span> 
     </span>
     <span class='ocr_line' id='line_1_24' title="bbox 223 2670 1962 2752; baseline -0.001 -21"><span class='ocrx_word' id='word_1_133' title='bbox 223 2671 412 2732; x_wconf 81' lang='lat' dir='ltr'>tionis</span> <span class='ocrx_word' id='word_1_134' title='bbox 442 2671 647 2752; x_wconf 92' lang='lat' dir='ltr'>portio</span> <span class='ocrx_word' id='word_1_135' title='bbox 679 2693 865 2751; x_wconf 89' lang='lat' dir='ltr'>quam</span> <span class='ocrx_word' id='word_1_136' title='bbox 896 2670 1316 2732; x_wconf 84' lang='lat' dir='ltr'>“classicam&#39;&#39;</span> <span class='ocrx_word' id='word_1_137' title='bbox 1343 2677 1710 2752; x_wconf 90' lang='lat' dir='ltr'>nuncupant</span> <span class='ocrx_word' id='word_1_138' title='bbox 1732 2671 1962 2750; x_wconf 84' lang='lat' dir='ltr'>Angli3</span> 
     </span>
     <span class='ocr_line' id='line_1_25' title="bbox 229 2772 1968 2855; baseline -0.002 -20"><span class='ocrx_word' id='word_1_139' title='bbox 229 2773 390 2835; x_wconf 80' lang='lat' dir='ltr'>Galli</span> <span class='ocrx_word' id='word_1_140' title='bbox 420 2781 458 2807; x_wconf 81' lang='lat'>‘⁶</span> <span class='ocrx_word' id='word_1_141' title='bbox 482 2774 869 2855; x_wconf 83' lang='lat' dir='ltr'>profanam.&#39;&#39;</span> <span class='ocrx_word' id='word_1_142' title='bbox 959 2776 1048 2836; x_wconf 86' lang='lat' dir='ltr'>Iis</span> <span class='ocrx_word' id='word_1_143' title='bbox 1079 2772 1309 2836; x_wconf 86' lang='lat' dir='ltr'>etenim</span> <span class='ocrx_word' id='word_1_144' title='bbox 1337 2776 1513 2835; x_wconf 88' lang='lat' dir='ltr'>libris</span> <span class='ocrx_word' id='word_1_145' title='bbox 1544 2775 1968 2834; x_wconf 89' lang='lat' dir='ltr'>instituuntur</span> 
     </span>
     <span class='ocr_line' id='line_1_26' title="bbox 227 2876 1964 2959; baseline -0.002 -21"><span class='ocrx_word' id='word_1_146' title='bbox 227 2878 422 2959; x_wconf 90' lang='lat' dir='ltr'>pueri,</span> <span class='ocrx_word' id='word_1_147' title='bbox 445 2899 599 2958; x_wconf 90' lang='lat' dir='ltr'>quos</span> <span class='ocrx_word' id='word_1_148' title='bbox 629 2879 809 2939; x_wconf 89' lang='lat' dir='ltr'>nobis</span> <span class='ocrx_word' id='word_1_149' title='bbox 838 2879 1226 2959; x_wconf 89' lang='lat' dir='ltr'>reliquerunt</span> <span class='ocrx_word' id='word_1_150' title='bbox 1256 2886 1548 2939; x_wconf 81' lang='lat' dir='ltr'>auctores</span> <span class='ocrx_word' id='word_1_151' title='bbox 1581 2886 1718 2939; x_wconf 89' lang='lat' dir='ltr'>tum</span> <span class='ocrx_word' id='word_1_152' title='bbox 1741 2876 1964 2949; x_wconf 81' lang='lat' dir='ltr'>Graeci,</span> 
     </span>
     <span class='ocr_line' id='line_1_27' title="bbox 224 2981 1965 3062; baseline -0.001 -21"><span class='ocrx_word' id='word_1_153' title='bbox 224 2987 362 3041; x_wconf 90' lang='lat' dir='ltr'>tum</span> <span class='ocrx_word' id='word_1_154' title='bbox 391 2981 696 3055; x_wconf 87' lang='lat' dir='ltr'>Romani;</span> <span class='ocrx_word' id='word_1_155' title='bbox 746 2983 850 3062; x_wconf 93' lang='lat' dir='ltr'>qui</span> <span class='ocrx_word' id='word_1_156' title='bbox 891 2983 1071 3043; x_wconf 89' lang='lat' dir='ltr'>nobis</span> <span class='ocrx_word' id='word_1_157' title='bbox 1124 2990 1187 3043; x_wconf 91' lang='lat' dir='ltr'>et</span> <span class='ocrx_word' id='word_1_158' title='bbox 1239 2983 1574 3062; x_wconf 83' lang='lat' dir='ltr'>exemplari</span> <span class='ocrx_word' id='word_1_159' title='bbox 1602 2988 1872 3062; x_wconf 89' lang='lat' dir='ltr'>prosunt</span> <span class='ocrx_word' id='word_1_160' title='bbox 1901 2987 1965 3040; x_wconf 95' lang='lat' dir='ltr'>et</span> 
     </span>
     <span class='ocr_line' id='line_1_28' title="bbox 222 3083 1962 3158; baseline -0.001 -15"><span class='ocrx_word' id='word_1_161' title='bbox 222 3083 655 3158; x_wconf 87' lang='lat' dir='ltr'>instructioni;</span> <span class='ocrx_word' id='word_1_162' title='bbox 701 3086 925 3146; x_wconf 88' lang='lat' dir='ltr'>harum</span> <span class='ocrx_word' id='word_1_163' title='bbox 969 3086 1134 3146; x_wconf 87' lang='lat' dir='ltr'>enim</span> <span class='ocrx_word' id='word_1_164' title='bbox 1179 3084 1474 3147; x_wconf 80' lang='lat' dir='ltr'>Gentium</span> <span class='ocrx_word' id='word_1_165' title='bbox 1514 3105 1661 3144; x_wconf 93' lang='lat' dir='ltr'>casu</span> <span class='ocrx_word' id='word_1_166' title='bbox 1710 3083 1962 3143; x_wconf 89' lang='lat' dir='ltr'>instrui-</span> 
     </span>
     <span class='ocr_line' id='line_1_29' title="bbox 222 3187 1962 3268; baseline 0.001 -23"><span class='ocrx_word' id='word_1_167' title='bbox 222 3207 382 3259; x_wconf 89' lang='lat' dir='ltr'>mur,</span> <span class='ocrx_word' id='word_1_168' title='bbox 443 3188 610 3260; x_wconf 87' lang='lat' dir='ltr'>dum,</span> <span class='ocrx_word' id='word_1_169' title='bbox 675 3189 817 3268; x_wconf 87' lang='lat' dir='ltr'>jure</span> <span class='ocrx_word' id='word_1_170' title='bbox 894 3190 1135 3262; x_wconf 79' lang='lat' dir='ltr'>merito,</span> <span class='ocrx_word' id='word_1_171' title='bbox 1211 3209 1425 3250; x_wconf 88' lang='lat' dir='ltr'>earum</span> <span class='ocrx_word' id='word_1_172' title='bbox 1497 3187 1962 3246; x_wconf 84' lang='lat' dir='ltr'>lucubrationes</span> 
     </span>
     <span class='ocr_line' id='line_1_30' title="bbox 222 3288 1963 3371; baseline 0.001 -23"><span class='ocrx_word' id='word_1_173' title='bbox 222 3288 554 3350; x_wconf 89' lang='lat' dir='ltr'>imitemur.</span> <span class='ocrx_word' id='word_1_174' title='bbox 644 3291 945 3353; x_wconf 77' lang='lat' dir='ltr'>HOMERus</span> <span class='ocrx_word' id='word_1_175' title='bbox 988 3293 1168 3353; x_wconf 91' lang='lat' dir='ltr'>nobis</span> <span class='ocrx_word' id='word_1_176' title='bbox 1219 3312 1332 3371; x_wconf 88' lang='lat' dir='ltr'>pro</span> <span class='ocrx_word' id='word_1_177' title='bbox 1384 3288 1611 3350; x_wconf 83' lang='lat' dir='ltr'>Codice</span> <span class='ocrx_word' id='word_1_178' title='bbox 1653 3295 1750 3349; x_wconf 91' lang='lat' dir='ltr'>est</span> <span class='ocrx_word' id='word_1_179' title='bbox 1789 3289 1963 3349; x_wconf 84' lang='lat' dir='ltr'>Juris</span> 
     </span>
     <span class='ocr_line' id='line_1_31' title="bbox 226 3390 1962 3457; baseline -0.002 -3"><span class='ocrx_word' id='word_1_180' title='bbox 226 3390 558 3454; x_wconf 84' lang='lat' dir='ltr'>Gentium:</span> <span class='ocrx_word' id='word_1_181' title='bbox 591 3392 1034 3456; x_wconf 77' lang='lat' dir='ltr'><strong>DEMOSTHENES</strong></span> <span class='ocrx_word' id='word_1_182' title='bbox 1067 3401 1287 3457; x_wconf 90' lang='lat' dir='ltr'>contra</span> <span class='ocrx_word' id='word_1_183' title='bbox 1316 3413 1421 3455; x_wconf 91' lang='lat' dir='ltr'>eos</span> <span class='ocrx_word' id='word_1_184' title='bbox 1454 3398 1728 3453; x_wconf 89' lang='lat' dir='ltr'>testatur</span> <span class='ocrx_word' id='word_1_185' title='bbox 1760 3412 1962 3452; x_wconf 90' lang='lat' dir='ltr'>mores</span> 
     </span>
    </p>
   </div>
  </div>
 </body>
</html>
