2236 3814
1185 181 1263 240 98

349 347 657 409 territorio
699 350 1076 410 destitutum
1106 349 1352 410 cuidam
1383 370 1459 409 ex
1488 350 1756 431 Europae
1786 350 2081 410 Potenta-

346 451 513 511 tibus
543 453 891 513 necessario
923 454 1202 514 serviret.

433 556 605 616 Talia
633 557 933 617 hactenns
979 557 1093 616 hac
1132 558 1208 617 de
1237 579 1305 618 re
1337 555 1792 620 Guberniorum
1831 557 2081 616 Protes-

345 662 615 718 tantium
646 681 827 720 sensa
855 661 1127 720 fuerunt.
1216 661 1666 719 Autonomiam
1689 658 2083 719 Pontificiam

347 762 463 820 sibi
519 764 780 823 maxime
838 764 1252 824 necessariam
1326 783 1571 843 semper
1643 763 2039 822 crediderunt
2063 783 2080 832 3

351 866 491 944 quia
522 867 810 927 videlicet
839 868 1149 947 Pontifex,
1175 867 1412 927 summa
1433 872 1748 946 potestate
1778 865 2082 945 privatus,

348 968 713 1029 Potentatui
742 971 925 1030 alicui
957 970 1279 1031 Catholico
1310 970 1486 1029 fieret
1517 969 1823 1040 subditus,
1855 989 2084 1047 magno

345 1071 528 1152 hujus
579 1074 950 1134 Potentatfis
995 1076 1449 1134 emolumento:
1496 1095 1611 1134 nec
1653 1074 1844 1133 refert
1871 1072 2084 1132 utriim

347 1175 467 1235 hoc
487 1196 562 1236 ex
593 1185 850 1237 externo
881 1179 1119 1237 influxu
1151 1180 1388 1237 oriatur
1416 1177 1484 1236 in
1514 1177 1865 1248 electiones,
1899 1198 1980 1236 an
2009 1197 2086 1236 ex

350 1280 585 1341 directo
639 1282 960 1341 conamine
993 1282 1447 1341 seditiosorum.
1539 1280 1798 1360 Spectat
1825 1281 1904 1339 ad
1944 1281 2083 1352 hoc,

350 1385 514 1462 quod
545 1385 790 1464 Anglia,
818 1386 924 1444 ubi
955 1407 1116 1444 anno
1144 1386 1305 1444 1799
1327 1386 1491 1443 haud
1509 1385 1766 1444 modicis
1797 1384 2085 1464 expensis

350 1489 589 1548 curavit
619 1496 690 1547 ut
733 1490 998 1548 liberum
1038 1490 1369 1548 haberetur
1401 1487 1854 1548 Consistorium
1883 1488 2084 1548 Vene-

346 1591 598 1651 tiis—in
645 1593 896 1653 civitate
941 1593 1141 1652 adhuc
1187 1592 1629 1652 libera—unde
1669 1613 1903 1672 paucos
1939 1598 2087 1672 post

352 1718 547 1757 annos
598 1705 846 1757 tantum
891 1699 1242 1758 retulerunt
1291 1699 1411 1777 ipsi
1456 1699 1648 1777 Angli
1695 1698 2083 1769 beneficium,

352 1801 499 1858 dum
556 1801 875 1860 Pontificis
951 1800 1135 1881 opera
1207 1802 1469 1861 decretis
1540 1802 1661 1861 illis
1718 1801 2084 1872 notissimis,

350 1903 624 1963 Berolini
683 1906 862 1964 editis
917 1912 979 1964 et
1035 1905 1391 1975 Mediolani,
1440 1905 1848 1965 obstitissent.
1953 1905 2086 1965 Nec

352 2008 534 2066 aliam
607 2010 685 2068 ob
774 2029 1024 2068 causam
1108 2009 1173 2066 in
1248 2009 1709 2068 Constitutione
1782 2029 2087 2068 annorum

355 2112 663 2183 1814—15,
712 2112 1156 2171 consuluerunt
1199 2118 1271 2170 ut
1325 2110 1470 2172 Sedi
1515 2112 1813 2170 Romanae
1861 2110 2079 2171 Statfis

352 2222 415 2274 et
445 2215 698 2275 ditionis
728 2215 974 2295 integra
1003 2215 1180 2274 fieret
1208 2216 1540 2274 restitutiO.

434 2318 696 2390 Pariter,
760 2339 902 2378 cum
961 2319 1407 2378 concitationes
1466 2319 1531 2377 in
1604 2318 1786 2378 Italia
1840 2318 2088 2378 initium

351 2422 670 2492 haberent,
695 2429 758 2481 et
791 2421 1088 2482 Seditiosi
1119 2421 1575 2481 Guberniorum
1593 2422 2088 2482 Protestantium

350 2526 583 2584 bonum
604 2524 721 2583 sibi
750 2525 1029 2583 animum>
1054 2524 1183 2583 fore
1206 2525 1662 2604 promitterent,
1684 2525 2089 2584 Borussicum

354 2629 641 2688 adierunt
688 2629 996 2708 Legatum
1025 2650 1037 2686 ε
1085 2628 1410 2708 respondit
1468 2635 1678 2688 autem
1735 2629 2089 2690 BUNsENIUs

356 2739 393 2764 “
416 2752 520 2791 eos
540 2731 813 2810 graviter
833 2751 1038 2790 errare
1063 2730 1166 2809 qui
1187 2738 1509 2810 sperarent
1529 2753 1565 2790 a
1582 2731 2087 2792 Protestantibus

246 2886 249 2889 ,
355 2834 682 2896 Guberniis
741 2834 1013 2894 favorem
1064 2841 1324 2914 propter
1374 2835 1714 2914 Religionis
1767 2836 2087 2895 diversita-

354 2937 546 2998 tem.''
639 2937 814 2997 Tunc
863 2958 935 2996 ea
982 2958 1118 3016 quae
1164 2938 1345 2996 modo
1382 2937 1650 3005 diximus
1681 2925 1911 2997 diserte
1942 2945 2091 2998 sunt

353 3042 631 3121 prolata:
665 3041 937 3119 negabat
956 3040 1308 3100 BUNsENIUs
1339 3039 1502 3099 cives
1536 3060 1681 3100 suos
1710 3040 1785 3099 iis
1805 3039 2089 3101 fauturos

353 3145 622 3204 consiliis
666 3144 831 3203 unde
877 3143 943 3202 id
991 3143 1193 3203 solum
1235 3142 1369 3201 fieri
1407 3149 1642 3222 posset,
1684 3149 1756 3202 ut
1798 3143 2090 3204 Pontifex

353 3248 599 3308 cuidam
655 3270 689 3308 e
749 3247 1087 3309 Catholicis
1147 3245 1477 3306 Guberniis
1543 3247 1829 3307 subditus
1887 3248 2087 3320 fieret,

351 3356 537 3430 atque
614 3352 764 3412 adeo
842 3350 1282 3413 auctoritatem
1355 3349 1698 3429 spiritalem
1756 3351 1848 3411 ita
1919 3371 2088 3412 exer-
