2236 3814
0 2767 17 3088 -ff-fflrw·<-=-—
0 2733 4 2743 ν
0 2658 9 2721 —--.-
0 2643 3 2648 v
0 2591 5 2622 -ω

1010 240 1088 299 35

183 409 406 488 ubique
443 412 709 467 tentata.
799 403 1049 484 Ubique
1078 410 1392 462 terrarum
1437 403 1754 463 cuniculos
1780 422 1926 463 suos

183 517 449 594 egerunt
495 508 927 576 Revolutionis
975 508 1252 568 fautores
1290 528 1328 566 a
1378 506 1603 566 Russia
1644 506 1928 586 profecti,

184 618 335 678 dum
366 616 548 677 simul
581 614 814 695 Anglia
861 633 1097 685 omnes,
1131 612 1363 692 aperte,
1412 612 1492 671 ad
1534 611 1933 670 rebellionem

183 722 570 783 hortabatur.
659 719 845 779 Unde
888 718 1127 778 factum
1159 722 1257 776 est
1301 723 1372 775 ut
1402 715 1501 775 die
1530 737 1656 775 uno
1689 715 1932 775 eodem-

186 847 306 906 que
325 826 457 906 jam
487 831 671 885 antea
700 823 1048 904 designatO,
1074 843 1186 903 per
1214 821 1572 882 universam
1594 822 1933 899 Europam,

186 931 266 991 ab
309 929 538 989 Hafnia
581 928 819 1000 Damae,
853 934 916 988 et
951 927 1362 998 Bucharesto‚
1397 927 1476 985 ad
1519 926 1697 985 Mare
1740 924 1937 984 Medi-

183 1041 563 1105 terraneum,-
609 1040 674 1093 et
726 1032 1046 1094 Oceanum
1089 1053 1287 1112 usque
1330 1030 1742 1101 Atlanticum,
1782 1050 1936 1109 gens

185 1138 388 1200 omnis
490 1144 678 1210 esset<
759 1137 1034 1209 turbata,
1128 1136 1330 1197 omnis
1429 1134 1935 1216 queprincipatus

183 1264 462 1305 eversus.

271 1349 427 1408 Post
458 1347 707 1426 aliquod
734 1346 1037 1428 temporis
1083 1346 1502 1418 intervallum,
1536 1343 1700 1405 facta
1728 1365 1937 1404 rerum

187 1451 735 1532 redintegratione,
811 1451 1141 1511 discrimen
1211 1458 1424 1511 tamen
1491 1450 1804 1529 quoddam
1862 1469 1938 1508 ex

190 1556 360 1617 omni
389 1563 569 1637 parte
601 1555 988 1616 sentiebatur
1015 1578 1027 1615 :
1080 1554 1396 1616 Gubernia
1424 1554 1624 1634 magis
1659 1553 1934 1633 obsequi,

191 1662 365 1741 plebs
398 1661 888 1721 obmurmurare.
977 1661 1201 1721 Auctae
1234 1667 1381 1720 sunt
1401 1659 1698 1719 militares
1720 1657 1934 1738 copiae,

189 1766 547 1828 civit-atibus
571 1786 693 1826 aere
713 1765 911 1826 alieno
944 1766 1143 1846 magis
1169 1765 1502 1846 oppressis,
1528 1763 1936 1844 vectigalibus

190 1870 376 1932 simul
433 1870 846 1950 exaggeratis.
966 1870 1310 1950 Hucusque
1363 1870 1633 1950 Europae
1693 1874 1936 1949 septen-

189 1975 443 2035 trionali
482 1975 895 2055 parcebatur3
945 1974 1131 2035 unica
1175 1995 1330 2054 gens
1378 1974 1445 2033 in
1490 1973 1742 2053 Europa
1784 1993 1938 2054 pace

190 2079 500 2159 gaudebat
526 2101 542 2150 ;
590 2078 965 2139 factionibus
997 2080 1270 2151 carebat,
1305 2079 1614 2158 majorum
1643 2078 1938 2137 instituta

194 2183 380 2244 simul
431 2189 494 2244 et
538 2183 891 2264 Principem
936 2185 1202 2244 amabat.
1294 2184 1525 2244 Debuit
1576 2183 1831 2242 tandem
1873 2181 1939 2240 in

191 2289 455 2349 eandem
487 2286 863 2369 Charybdim
911 2288 1201 2360 incidere,
1238 2290 1316 2349 ob
1360 2289 1561 2369 ipsam
1608 2287 1843 2348 ordinis
1876 2292 1939 2346 et

183 2392 346 2472 juris
379 2393 841 2454 observantiam
885 2414 999 2473 pro
1030 2392 1283 2453 victima
1311 2398 1608 2464 mactata,
1640 2392 1940 2472 pejusque

102 2548 107 2552 .
193 2497 684 2558 instrumentum
727 2497 807 2556 ad
835 2518 936 2558 res
966 2498 1332 2569 turbandaS,
1369 2518 1556 2577 quam
1587 2497 1942 2577 fragmenta

195 2600 320 2661 ista
362 2600 688 2662 civitatum
729 2601 876 2662 olim
919 2624 1031 2682 per
1073 2608 1275 2662 totam
1319 2602 1638 2683 Europam
1681 2601 1938 2661 foedera-

197 2710 426 2777 tarum,
460 2705 779 2785 sigillatim
809 2707 890 2766 ad
921 2708 1166 2767 sceleris
1211 2707 1624 2767 ministerium
1670 2707 1940 2766 obcaeca-

196 2814 422 2869 tarum.
539 2809 634 2870 De
685 2831 758 2870 eo
803 2811 1035 2891 populo
1084 2818 1182 2871 est
1242 2832 1445 2872 sermo
1507 2811 1613 2891 qui
1657 2810 1941 2870 Ducatus

197 2912 553 2975 incolebant
586 2915 770 2995 juxta
814 2916 1132 2997 Eyderum
1173 2917 1426 2976 flumen.
1534 2914 1823 2976 Consiliis
1869 2935 1946 2973 ex

199 3017 454 3078 Lutetia
511 3020 842 3099 perfidiose
902 3019 1130 3093 missis,
1195 3021 1354 3100 Regi
1413 3019 1632 3080 Daniae
1693 3039 1945 3098 persua-

199 3140 340 3182 sum
410 3129 508 3183 est
592 3130 665 3183 ut
749 3124 975 3185 horum
1049 3125 1412 3186 Ducatuum
1487 3125 1634 3200 jura
1706 3121 1947 3181 auferre

201 3232 551 3299 conaretur,
651 3229 766 3288 sub
845 3235 1158 3309 praetextu
1247 3249 1353 3289 608
1438 3226 1797 3286 includendi
1882 3226 1948 3284 in

205 3326 494 3390 Generali
551 3330 815 3411 quadam
866 3331 1405 3414 Repraesentativa
1457 3330 1919 3391 Constitutione
1930 3351 1945 3400 ;

206 3451 319 3511 per
348 3453 534 3512 quam
564 3435 700 3496 fieri
729 3443 945 3516 posset
975 3443 1048 3496 ut
1080 3443 1119 3469 ‘⁶
1141 3435 1406 3496 Unitum
1437 3434 1727 3514 Regnum
1759 3432 1950 3492 Dani-
