2236 3814
1071 275 1148 332 10
1182 239 1236 334 ξ

251 442 577 517 reguntur,
608 437 797 517 legeS,
831 458 907 497 ex
933 435 1263 517 praeceptis
1295 435 1594 515 Decalogi
1621 434 1983 494 fundamen-

247 546 384 599 tum
415 540 745 619 accipiunt,
778 541 1084 620 praecipue
1114 560 1259 601 vero
1290 560 1367 599 ex
1394 539 1564 600 hisce
1595 544 1860 618 quatuor
1882 559 1982 597 :—

332 662 475 722 NON
518 681 777 723 cccmus,

336 765 477 825 NoN
521 766 775 825 FURTUM
818 782 1038 824 FACIES.

335 868 396 928 N
399 887 476 927 oN
518 887 803 935 LOQUERIS
848 870 1094 929 FALsUM
1138 869 1579 940 TESTIMONIUM,

338 971 478 1031 NON
522 989 923 1031 CONCUPISOES.

333 1114 485 1189 Quae
530 1115 738 1174 omnia
785 1116 967 1174 simul
1013 1122 1326 1195 praecepta
1367 1115 1700 1183 violantur,
1744 1113 1984 1193 quoties

253 1238 406 1296 gens
427 1219 600 1297 genti
623 1220 850 1278 bellum
873 1220 1091 1278 indicit
1111 1221 1275 1298 quod
1291 1241 1418 1279 non
1444 1220 1524 1278 sit
1545 1218 1983 1288 necessarium,

252 1322 352 1381 cui
372 1322 545 1400 justa
583 1343 710 1381 non
758 1323 955 1381 subsit
1003 1344 1207 1393 causa,
1241 1324 1339 1382 vel
1382 1324 1447 1381 in
1493 1343 1612 1401 quo
1656 1320 1985 1380 indicendo

251 1425 444 1484 debiti
506 1426 664 1484 ritus
711 1447 837 1485 non
903 1426 1355 1485 adhibeantur:
1406 1425 1647 1504 quoties
1697 1423 1987 1484 videlicet

254 1527 583 1585 deliberate
614 1548 766 1606 gens
799 1528 1004 1606 aliqua
1045 1529 1273 1587 bellum
1316 1528 1534 1587 indicit
1565 1548 1637 1587 eo
1669 1526 1872 1586 animo
1917 1532 1989 1585 ut

247 1630 423 1688 alteri
452 1630 738 1708 injuriam
770 1631 956 1691 faciat
1003 1653 1114 1711 per
1160 1633 1414 1690 modum
1462 1630 1880 1710 aggressionis
1926 1634 1989 1689 et

248 1734 587 1793 invasionis
614 1756 629 1805 ;
679 1756 813 1813 quae
846 1736 980 1794 fieri
1002 1737 1216 1814 nequit
1236 1737 1467 1814 absque
1487 1735 1791 1794 occisione
1811 1733 1986 1792 inno-

248 1837 545 1908 centium,
579 1839 810 1916 rapinis
851 1860 1091 1898 necnon
1137 1847 1198 1898 et
1228 1840 1698 1899 vastationibus.
1787 1838 1986 1897 Actus

251 1941 479 2000 etenim
526 1942 877 2020 hujusmodi
922 1943 1297 2002 comitentur
1342 1964 1594 2004 necesse
1642 1950 1737 2002 est
1779 1942 1986 2001 inson-

250 2044 409 2102 tium
440 2044 596 2104 falsa
625 2046 983 2125 inculpatio,
1018 2047 1289 2125 ejusque,
1341 2047 1508 2126 quod
1550 2045 1826 2126 ipsorum
1870 2051 1985 2116 est,

260 2148 778 2226 concupiscentia.

336 2268 553 2346 Neque
611 2270 743 2330 fieri
799 2270 932 2330 haec
988 2278 1256 2350 possunt
1322 2271 1452 2331 sine
1511 2271 1766 2331 consilio
1837 2271 1988 2330 talia

254 2371 542 2448 patrandi
567 2393 582 2440 ;
628 2393 755 2430 non
783 2372 873 2430 ita
918 2373 1098 2451 plane
1144 2380 1218 2431 ut
1245 2373 1311 2431 in
1344 2374 1728 2452 singulorum
1758 2374 1985 2432 civium

257 2471 462 2530 animo
491 2473 778 2532 volvatur
806 2474 1161 2552 hujusmodi
1191 2476 1511 2534 consilium
1538 2499 1550 2535 :
1598 2476 1717 2535 hoc
1757 2476 1986 2535 etenim

257 2575 547 2653 restringi
603 2583 813 2655 potest
871 2578 950 2635 ad
1022 2598 1253 2657 paucos
1310 2578 1576 2650 tantum,
1636 2579 1846 2650 immO,
1907 2581 1987 2639 ad

257 2699 491 2737 unum:
561 2680 670 2738 sed
724 2680 788 2738 in
845 2687 1051 2740 mente
1099 2682 1577 2754 communitatis,
1637 2683 1986 2763 ubicunque

260 2780 505 2840 demum
534 2782 713 2842 Mens
742 2783 847 2842 illa
875 2785 1161 2855 resideat,
1196 2787 1363 2844 certo
1410 2793 1505 2844 est
1534 2787 1982 2865 reperiendum.

259 2881 466 2943 Nihilo
497 2890 706 2944 tamen
739 2884 934 2945 secius
956 2887 1229 2945 omnium
1261 2888 1442 2966 culpa
1472 2888 1813 2949 communis
1845 2890 1982 2962 erit,

260 2985 485 3064 quippe
515 2986 618 3064 qui
646 2986 711 3044 in
741 2987 923 3046 causa
954 2995 1117 3058 sunt,
1154 2989 1206 3047 si
1250 3011 1377 3048 non
1429 2998 1590 3060 actu,
1625 2991 1845 3050 saltem
1875 3013 1986 3071 per

259 3107 600 3159 assensum,
650 3109 758 3148 seu
802 3110 912 3168 per
940 3090 1251 3172 impensas
1283 3112 1355 3160 eo
1387 3092 1510 3151 fine
1553 3093 1864 3171 pecuniaS,
1913 3101 1985 3154 ut

259 3188 364 3248 illa
418 3197 746 3268 patrentur
794 3192 1083 3253 facinora.
1189 3192 1367 3267 Quod
1411 3195 1464 3254 si
1512 3195 1676 3274 capti
1725 3196 1986 3256 fecerint

262 3291 473 3363 oculis,
508 3293 836 3373 dupliciter
881 3303 1028 3355 sunt
1073 3297 1182 3368 rei,
1217 3297 1320 3376 qui
1367 3299 1444 3357 de
1487 3300 1672 3358 rebus
1717 3301 1796 3359 ad
1839 3321 1983 3361 con-

265 3393 582 3455 scientiam
622 3403 686 3457 et
729 3398 801 3457 ad
848 3399 1101 3478 politica
1128 3399 1324 3460 officia
1353 3402 1798 3480 spectantibus,
1820 3404 1984 3484 judi-
