2236 3814
1035 244 1097 303 iv

302 411 503 478 Motu
535 415 677 492 tUO,
717 409 1148 487 SANCTISSIME
1195 393 1585 498 Pumfres
1618 394 1935 469 ordinata

208 548 316 611 est
351 566 523 633 quae,
560 541 884 609 concione
933 539 1292 606 hominum
1339 536 1543 616 facta,
1580 553 1823 602 vocem
1862 531 1934 599 in

207 674 444 743 orbem
497 673 793 755 emittat,
849 697 890 740 a
939 677 1128 740 coetu
1179 668 1487 737 fidelium
1521 665 1739 757 ipsius·
1764 661 1938 734 DEI

209 807 616 875 habendam.
1575 806 1580 812 ’
1693 808 1695 811 ’
1780 800 1786 810 “

305 998 787 1089 Spectantium
808 1004 969 1066 ante
996 999 1175 1065 fores
1198 997 1266 1063 in
1287 995 1563 1063 nomine
1585 993 1933 1069 confirm0‚

215 1154 366 1198 eam
392 1153 634 1198 vocem
668 1129 753 1197 ab
781 1129 917 1196 illis
950 1129 1048 1196 ita
1080 1118 1438 1218 acceptam
1471 1127 1636 1208 fore,
1665 1125 1724 1193 si
1751 1124 1938 1193 viam

214 1263 533 1330 ostendat
587 1285 739 1352 quae
789 1284 912 1328 nos
961 1284 1001 1328 a
1051 1260 1304 1328 scelere
1342 1243 1639 1349 publico,
1677 1257 1746 1323 in
1788 1256 1939 1323 loco

214 1419 454 1486 regum
489 1400 559 1462 et
592 1396 823 1484 legum
855 1394 1060 1460 hodie
1094 1397 1400 1482 accepte,
1439 1390 1705 1458 liberet.

307 1613 587 1701 Anceps
643 1615 749 1676 est
813 1607 1126 1699 potentia
1191 1613 1261 1674 et
1325 1606 1543 1696 gloria
1599 1628 1818 1683 vana3
1868 1604 1938 1671 id

216 1744 494 1810 tantfim
545 1747 789 1831 potens
844 1747 914 1808 et
965 1739 1290 1808 durabilis
1341 1739 1526 1829 quod
1559 1736 1941 1805 remedium

218 1875 306 1942 ad
340 1872 614 1941 morbos
650 1879 719 1940 et
755 1895 1012 1940 errores
1044 1872 1402 1939 hominum
1436 1870 1699 1938 afferat.

315 2088 642 2156 Potentia
705 2088 821 2155 illa
883 2088 1018 2154 tuis
1084 2087 1155 2153 in
1219 2084 1538 2153 manibus
1601 2085 1741 2152 sita
1806 2089 1933 2152 est.

225 2222 551 2289 Potentia
584 2221 718 2288 alia
751 2244 888 2287 non
924 2225 1047 2301 est,
1086 2242 1211 2287 nec
1246 2241 1426 2308 spes.

317 2436 454 2502 Oro
481 2440 572 2515 te,
604 2435 1003 2501 BEATISSIME
1032 2433 1272 2514 PATER,
1303 2437 1381 2499 ut
1417 2431 1946 2522 intelligentiam

226 2568 569 2636 excelsam
620 2573 690 2633 et
741 2567 1044 2655 undique
1097 2571 1570 2655 permeantem
1612 2567 1945 2632 Romanae

228 2698 551 2766 Ecclesiae
601 2721 844 2766 evoces
894 2699 981 2766 ad
1038 2698 1246 2765 istam
1303 2697 1666 2765 scientiam
1723 2698 1948 2765 colen-

227 2831 402 2911 dam,
470 2829 556 2896 ab
622 2829 915 2918 antiquis
983 2830 1066 2896 de
1135 2829 1403 2896 “rebus
1484 2829 1802 2898 humanis
1879 2835 1950 2897 et

225 2961 475 3029 divinis
503 2961 540 2989 '’
608 2961 882 3043 dictam,
953 2985 1076 3051 per
1142 2984 1350 3051 quam
1401 2963 1626 3028 Roma
1682 2984 1951 3052 pagana
2055 2981 2072 2993 ··

225 3116 494 3183 magna,
560 3091 821 3174 nobilis,
906 3099 976 3160 et
1042 3092 1430 3159 veneranda
1510 3091 1663 3160 fuit.
1797 3091 1952 3162 Hoc

229 3244 500 3315 quoque
587 3225 771 3314 apud
853 3230 1276 3315 potestatem
1366 3230 1436 3293 et
1516 3225 1951 3294 voluntatem

229 3362 422 3422 tuam
457 3359 584 3422 est.
