2236 3814
1107 238 1185 297 38

290 402 423 483 ipse
454 401 612 461 situs
639 400 886 473 terrae,*
920 402 1251 482 praelongae
1295 403 1446 462 adeo
1485 409 1550 462 et
1579 403 1852 482 objectae,
1885 409 2022 462 tum

289 505 631 566 incolarum
648 505 886 565 indoles
914 505 1174 564 nimium
1202 506 1534 578 infirmata,
1569 527 1703 586 quae
1727 506 2023 567 finitimos

290 610 553 690 populos
586 610 663 668 ad
691 608 1184 688 impugnandum
1212 609 1396 669 facile.
1416 609 1707 682 alliceret,
1738 610 2026 690 ipsasque

294 713 746 774 dominationes
789 734 1040 792 pessum
1085 714 1233 773 dare
1278 714 1529 774 valeret.
1622 714 1777 773 Haec
1823 715 2028 773 omnia

294 819 496 897 aliquo
540 818 725 877 modo
769 817 835 875 in
875 816 1061 876 causa
1105 837 1240 876 esse
1280 817 1668 897 potuissent3
1718 823 1783 876 at
1812 818 2029 897 procul

293 922 480 981 dubio
531 942 642 1001 per
700 921 969 993 Italiam,
1017 922 1223 993 Russi,
1281 921 1603 982 Summum
1661 922 2029 982 Pontificem

294 1025 919 1086 intellexerunt—In
943 1025 1145 1098 Italia,
1177 1026 1366 1105 Papa,
1403 1026 1567 1085 solus
1598 1027 2025 1105 appetebatur.

297 1131 464 1210 Ipse,
498 1131 574 1190 ab
606 1129 787 1189 Italia
816 1151 1096 1202 exorsus,
1130 1130 1172 1190 J
1176 1151 1247 1189 us
1280 1130 1432 1190 Orbi
1464 1129 1818 1190 Christiano
1848 1130 2028 1190 resti-

295 1242 470 1294 tuere
523 1255 734 1314 capax,
783 1235 1059 1293 ordinem
1104 1240 1166 1294 et
1209 1255 1441 1313 pacem.
1532 1234 1703 1314 Papa
1737 1234 2029 1294 Ecclesiae

299 1338 713 1399 Occidentalis
759 1344 854 1397 est
893 1336 1115 1417 Caput,
1160 1358 1343 1417 quam
1388 1338 1535 1396 dum
1581 1358 2031 1416 concorporare

301 1464 366 1503 se
388 1443 544 1503 Velle
591 1442 883 1501 simulant
923 1442 1128 1513 Russi,
1173 1447 1448 1501 evertere
1483 1443 1787 1501 laborant.
1852 1441 2033 1501 Italia

297 1546 703 1626 periclitante,
766 1566 891 1604 non
965 1544 1171 1604 minus
1249 1545 1759 1625 periclitabantur
1832 1547 2032 1626 plagae

302 1650 667 1720 OrientaleS,
745 1649 927 1708 simul
1000 1670 1140 1709 cum
1235 1649 1776 1722 Occidentalibus3
1869 1651 2029 1731 peri-

304 1754 676 1814 clitabantur
719 1753 957 1825 Poloni,
1014 1761 1077 1813 et
1122 1754 1242 1834 ipsi
1293 1755 1501 1826 Russi,
1534 1755 1702 1814 haud
1743 1754 1917 1815 secus
1959 1777 2032 1816 ac

301 1858 566 1936 Europae
598 1864 659 1916 et
690 1857 960 1917 Orientis
991 1857 1226 1917 incolae.
1288 1858 1377 1918 Ut
1409 1857 1746 1938 Supremus
1778 1860 2033 1919 tandem

304 1962 717 2042 attingeretur
762 1961 1069 2034 Pontifex,
1122 1984 1273 2022 ansa
1323 1964 1703 2044 praeberetur
1749 1964 1800 2023 si
1847 1963 2032 2023 Italia

302 2068 653 2146 insurgeret
679 2074 896 2126 contra
919 2067 1338 2127 dominatores
1364 2088 1534 2127 suos:
1571 2068 1736 2147 quod
1757 2068 1808 2128 si
1830 2068 2028 2139 fieret,

301 2177 653 2232 tentaretur
683 2171 877 2231 civilis
922 2178 1202 2257 potestas
1248 2172 1544 2253 Episcopi
1583 2171 1888 2243 Romani,
1916 2193 2036 2252 quo
2067 2160 2077 2167 ,

304 2275 567 2346 sublato,
591 2274 925 2354 spiritualis
947 2276 1220 2355 ejusdem
1240 2277 1575 2336 auctoritas
1596 2277 1764 2336 nullo
1786 2276 2035 2356 negotio

305 2384 719 2438 everteretur:
770 2380 845 2438 de
877 2379 995 2458 qua
1026 2380 1271 2458 quidem
1308 2381 1679 2440 auctoritate
1711 2379 2033 2460 spirituali,

303 2488 492 2561 prout
521 2502 687 2541 nunc
717 2482 807 2553 fit,
841 2482 1151 2541 modicum
1181 2483 1443 2543 forsitan
1474 2485 1775 2563 curabant
1805 2484 1994 2544 Russi
2018 2506 2032 2554 3

305 2591 370 2645 at
418 2584 605 2665 probe
665 2587 1139 2665 cognoscebant,
1193 2587 1352 2646 hanc
1409 2594 1785 2667 potestatem
1843 2588 2038 2648 forma

297 2689 622 2769 judiciaria
668 2690 810 2750 olim
859 2690 1197 2750 exercitum
1240 2691 1449 2764 fuisse,
1481 2693 1570 2751 ita
1597 2699 1670 2751 ut
1699 2714 1825 2752 non
1854 2693 2037 2753 modo

306 2793 609 2853 Fidelium
679 2800 966 2873 tangeret
1031 2795 1458 2868 conscientias,
1521 2797 1631 2857 sed
1695 2799 1880 2857 etiam
1936 2816 2037 2856 res

442 2983 470 3010 '³⁶
505 2985 554 3031 Il
576 2985 657 3032 bel
679 3002 821 3048 paese
890 3022 900 3034 .
973 3023 984 3034 .
1056 3023 1066 3035 .
1140 3024 1150 3035 .

499 3062 602 3110 Che
624 3063 929 3126 l’Appennin
950 3068 1104 3127 parte,
1129 3064 1167 3111 il
1190 3081 1297 3113 mar
1320 3066 1546 3114 circonda
1569 3084 1595 3115 e
1617 3067 1796 3132 l’Alpe.

1729 3145 1904 3194 Dante.

1280 3288 1290 3300 .
1363 3289 1374 3301 .
1412 3258 1690 3318 terramque
1712 3256 1906 3303 beatam

439 3326 441 3328 ’
512 3325 673 3383 Quam
695 3343 830 3376 mare
853 3328 1092 3390 dissociat,
1118 3345 1266 3392 quam
1289 3331 1442 3378 vastis
1464 3332 1667 3395 rupibus
1691 3333 1846 3397 Alpes
1861 3349 1876 3393 3

510 3402 610 3450 Per
630 3405 938 3470 mediamque
952 3407 1130 3471 jugum
1151 3409 1464 3472 protenditur
1485 3409 1754 3473 Apennini.
