2236 3814
1148 241 1223 299 53

316 453 320 458 .
391 403 477 465 Et
514 425 584 466 re
621 405 869 486 quidem
912 405 1076 478 vera,
1130 427 1259 467 non
1309 408 1387 466 ab
1430 406 1751 469 hominum
1790 432 2048 473 numero

305 508 582 588 pendent
612 530 684 570 ea
714 529 850 590 quae
884 510 1207 571 intellectu
1249 509 1674 590 perficiuntur.
1764 514 2049 576 Praesens

307 611 609 693 siquidem
665 613 800 674 haec
857 614 1114 674 humani
1172 615 1417 694 generis
1477 616 1752 676 conditio
1811 619 1888 678 ab
1930 642 2048 679 uno

304 716 551 777 tantum
571 718 821 779 homine
844 718 963 779 fuit
993 718 1372 779 elaborata*
1820 712 1829 718 ⁶

387 820 593 882 Vexat
632 823 960 895 enimvero,
1004 824 1309 904 debetque
1350 845 1612 897 cessare,
1658 847 1786 886 non
1818 826 2047 886 solum-

305 925 487 986 modo
519 927 839 1007 sanguinis
871 927 1105 999 effusiO,
1130 929 1238 988 sed
1268 928 1464 988 illiciti
1487 930 1785 1009 cujusque
1804 931 2048 1010 generis

303 1036 500 1102 actUS,
533 1038 670 1091 tum
714 1033 1165 1093 commissionis
1210 1040 1347 1092 tum
1392 1033 1744 1094 omissionis
1766 1056 1782 1106 ;
1837 1035 2045 1107 illatae,

303 1135 762 1216 permissaeque,
787 1137 1044 1217 injuriae.
1108 1138 1298 1198 Modo
1320 1138 1386 1197 in
1407 1138 1638 1218 Anglia
1660 1140 2049 1199 exstitissent

302 1239 483 1319 probi
513 1240 746 1321 aliquot
774 1241 911 1313 viri,
944 1242 1157 1301 multis
1192 1242 1579 1303 novitatibus
1612 1243 2043 1304 obstitissent:

303 1344 554 1416 etenim,
616 1367 778 1406 anno
832 1347 996 1406 1854
1046 1347 1278 1427 Anglia
1334 1369 1463 1407 non
1522 1334 1917 1408 amandasset
1977 1370 2050 1409 ea

303 1449 510 1508 omnia
540 1470 802 1528 quorum
833 1471 949 1529 ope
978 1450 1226 1509 hostem
1257 1451 1661 1530 comprimere
1696 1451 2044 1530 potuisset3

303 1572 419 1612 nec
439 1573 602 1612 anno
628 1553 790 1612 1856
810 1553 1019 1633 copias
1042 1554 1291 1613 navales
1316 1554 1449 1613 aliis
1481 1555 1756 1634 gratuito
1778 1556 2046 1615 remisis-

304 1663 426 1729 set3
458 1678 575 1717 nec
595 1678 758 1717 anno
786 1658 947 1716 1863
971 1658 1233 1718 classem
1262 1658 1586 1737 piraticam
1605 1658 2018 1738 praeparasset
2027 1681 2043 1731 3

300 1781 416 1822 nec
445 1761 793 1822 recusasset
836 1762 1092 1842 injurias
1130 1763 1206 1821 ab
1235 1763 1356 1822 illis
1392 1763 1596 1822 illatas
1628 1763 1806 1822 annis
1841 1765 2048 1823 1864-

313 1863 467 1925 1867
507 1886 795 1945 reparare
816 1888 832 1938 ;
901 1885 1015 1925 nec
1057 1864 1384 1925 tolerasset
1427 1872 1499 1924 ut
1542 1867 1706 1925 inter
1749 1866 2046 1927 finitimos

301 1976 573 2041 nostroS,
606 1971 834 2030 aliosve
863 1976 1244 2050 potentatUS,
1266 1991 1461 2049 regna
1489 1971 1688 2050 pretio
1720 1978 2045 2031 numerato

303 2081 837 2135 commutarentur
860 2095 876 2145 ;
923 2095 1124 2152 neque
1165 2081 1237 2132 ut
1279 2081 1496 2153 portus
1541 2081 1750 2134 essent
1786 2075 2042 2147 obsessi,

309 2178 454 2258 quin
506 2179 711 2258 aliqua
762 2179 983 2238 saltem
1032 2178 1329 2237 existeret
1372 2177 1534 2237 Belli
1580 2169 1854 2257 species,
1929 2200 2044 2239 nec

298 2282 684 2363 permisisset
711 2289 783 2341 ut
813 2282 1035 2361 Legati
1076 2282 1277 2341 nostri
1317 2281 1658 2353 inferiores,
1694 2303 1848 2361 quos
1882 2283 2043 2343 Gon-

303 2386 466 2447 sules
497 2386 731 2456 dicunt,
763 2386 949 2445 rebus
994 2386 1320 2446 civitatum
1349 2385 1633 2456 internis,
1666 2386 1731 2444 in
1763 2385 2040 2458 Oriente,

301 2509 437 2550 sese
465 2489 999 2560 intermiscerent3
1046 2508 1160 2548 nec
1194 2488 1529 2548 tractasset
1561 2489 1637 2548 de
1666 2491 2043 2550 removendo

298 2593 504 2676 ipsum
556 2593 885 2655 Societatis
947 2592 1157 2654 Civilis
1209 2592 1704 2665 fundamentum,
1761 2594 2043 2654 subditos

300 2718 521 2779 nempe
551 2719 588 2758 a
614 2698 738 2758 fide
768 2719 918 2776 erga
947 2697 1188 2777 Regem
1208 2696 1418 2777 jurata
1453 2698 1832 2757 absolvendo
1858 2720 1874 2768 ;
1921 2699 2039 2769 vel,

297 2808 370 2862 ut
411 2822 536 2862 uno
577 2803 767 2863 verbo
826 2802 1047 2873 dicam,
1096 2802 1431 2882 quidquam
1476 2802 1785 2863 evenisset
1829 2822 2042 2862 eorum

296 2907 571 2966 omnium
594 2926 731 2986 quae
753 2927 952 2985 nuper
972 2927 1087 2966 nos
1111 2907 1475 2967 catervatim
1500 2927 1861 2987 oppressere
1880 2928 2042 2968 nova

294 3010 642 3091 proposita„
681 3010 942 3071 antehac
997 3011 1232 3090 passim
1279 3011 1516 3091 ignota.
1622 3010 1777 3070 Haec
1828 3016 2039 3070 autem

297 3113 522 3186 omnia,
554 3120 618 3174 et
645 3113 744 3174 his
782 3113 1005 3175 similia
1036 3135 1172 3195 quae
1220 3114 1515 3194 subsequi
1545 3115 1794 3185 debent,
1827 3134 2037 3174 neces-

297 3217 456 3278 sario
480 3217 781 3292 oriuntur,
795 3239 1039 3301 semper
1062 3240 1134 3280 ac
1155 3219 1439 3280 homines
1465 3218 1580 3278 sibi
1603 3216 2037 3279 excusationes

872 3440 879 3455 ³
965 3422 993 3451 ²¹⁸²
1030 3420 1354 3467 Palmerston.
