2236 3814
982 262 1059 321 23

163 425 575 508 Diplomatiae,
637 417 794 485 non'
823 424 1080 484 tandem
1138 423 1456 485 Historiae.
1576 425 1902 487 Sufficiunt

159 532 344 591 rudes
373 531 472 591 vel
507 530 894 612 incultorumv
925 529 1250 589 hominum
1292 528 1649 601 instinctus,
1681 537 1754 589 ut
1781 531 1900 590 hoc

162 636 548 705 admittatur,
576 641 639 694 et
668 634 734 693 in
764 634 1068 693 actionem
1095 634 1457 694 deducatur.
1534 633 1696 704 Hoc,
1720 633 1903 693 simul

162 760 234 799 ac
285 738 651 799 enunciatur
709 737 1166 817 amplectantur
1214 757 1429 796 omnes
1479 756 1732 796 necesse
1785 743 1899 796 est.

161 843 514 924 Nonnullae,
562 844 747 912 certe,
795 841 946 901 oriri.
983 847 1250 921 possunt
1295 840 1709 912 difficultateS,
1742 840 1904 899 circa

159 947 432 1006 rationes
466 947 687 1026 quibus
725 966 840 1026 pro
870 945 1142 1004 remedio
1190 945 1271 1004 sit
1307 945 1648 1014 utendum3
1711 963 1903 1003 unus-

161 1051 419 1130 quisque
476 1057 685 1109 autem
743 1049 915 1108 omni
973 1049 1365 1108 dubitatione
1426 1048 1662 1127 semota
1707 1048 1900 1119 videt,

160 1160 411 1233 quanta,
443 1153 561 1212 nisi
590 1153 942 1211 inveniatur
979 1151 1342 1224 remedium,
1376 1151 1646 1211 humano
1692 1150 1904 1229 generi

158 1256 523 1317 immineant
551 1257 913 1317 infortunia.

244 1360 426 1435 Quod
456 1361 536 1420 ad
566 1369 811 1440 tempus
858 1360 1087 1420 attinet
1132 1360 1381 1440 quando
1419 1360 1551 1419 haec
1580 1359 1743 1419 tanti
1772 1380 1902 1419 mo-

159 1465 355 1529 menti
404 1465 670 1524 mutatio
732 1464 918 1524 fuerit
969 1464 1152 1534 facta,
1206 1466 1326 1523 hoc
1371 1464 1524 1523 nulli
1573 1485 1688 1523 nec
1740 1484 1902 1523 anno

161 1567 465 1646 assignari
514 1573 743 1646 potest,
791 1588 906 1626 nec
959 1567 1245 1646 eventui:
1311 1567 1542 1626 etenim
1583 1567 1766 1646 juxta
1805 1588 1902 1626 or-

161 1670 366 1730 dinem
423 1677 663 1730 naturae
723 1691 937 1730 omnes
1005 1671 1236 1730 sensim
1298 1671 1430 1730 sine
1498 1691 1685 1729 sensu
1744 1671 1905 1730 fiunt

158 1773 556 1833 mutationes,
673 1774 944 1834 Nonnisi
1005 1775 1169 1833 enim
1226 1781 1373 1854 post
1423 1776 1619 1833 inulta
1675 1775 1907 1853 injusta

157 1877 320 1936 bella
349 1898 463 1936 nec
493 1877 862 1947 necessaria,
897 1878 997 1936 hic
1029 1878 1183 1937 adeo
1215 1891 1395 1936 atrox
1428 1879 1649 1937 modus
1682 1879 1907 1957 agendi

158 1980 354 2040 facilis
414 1980 748 2051 evasisset3
821 1980 1010 2039 immo
1075 2002 1191 2040 nec
1250 1982 1562 2061 potuisset
1622 1983 1901 2042 evadere.

161 2083 589 2164 Opportunius
652 2084 867 2163 utique
934 2085 1181 2144 videtur
1252 2086 1485 2163 gradus
1549 2086 1907 2164 hujusmodi

161 2187 449 2247 distincte
494 2208 814 2247 recensere
873 2194 936 2247 et
993 2189 1320 2268 prosequi:
1398 2196 1461 2248 et
1519 2210 1590 2248 eo
1643 2189 1905 2269 amplius

161 2291 306 2372 quia
332 2298 644 2351 nostrates
674 2292 952 2352 facinora
982 2313 1018 2351 a
1048 2313 1113 2352 se
1151 2291 1303 2371 ipsis
1347 2299 1596 2372 patrata
1637 2294 1904 2373 plerum-

159 2417 277 2476 que
307 2396 705 2475 ignorant.—

242 2499 331 2559 In‘
353 2499 579 2580 Angli&
610 2520 682 2559 eo
712 2506 997 2579 tempore
1026 2499 1228 2579 prima
1255 2499 1623 2560 vicissitudo
1655 2501 1901 2573 accidit,

161 2623 282 2684 quo
306 2603 426 2663 vim
448 2624 623 2663 suam
647 2605 1018 2663 exercebant
1048 2604 1355 2684 praecipue
1376 2605 1536 2675 odia,
1563 2605 1902 2685 Religionis

162 2706 348 2768 causa
375 2714 610 2778 exorta,
634 2714 695 2766 et
728 2707 911 2766 simul
940 2708 1001 2766 in
1028 2709 1214 2767 rebus
1246 2709 1513 2787 politicis
1540 2709 1899 2778 Revoluti03

164 2829 303 2869 cum
327 2810 521 2889 Regia
541 2811 814 2889 dignitas
837 2811 901 2869 in
922 2811 1104 2870 aliam
1122 2812 1417 2871 familiam
1437 2812 1900 2882 transferretur,

163 2920 227 2974 et
257 2914 553 2994 Princeps
600 2915 851 2993 quidam
896 2923 1229 2975 extraneus
1276 2917 1353 2974 ad
1398 2938 1661 2995 regnum
1697 2915 1902 2995 appel-

160 3015 408 3076 laretur.
499 3018 742 3077 Bellum
789 3039 826 3077 a
859 3018 1265 3079 Successione
1311 3020 1649 3099 Hispanica
1677 3039 1904 3078 nomen

163 3119 527 3200 desumpsit.
619 3122 698 3181 Id
741 3142 817 3181 ex
862 3123 1273 3182 conventione
1319 3123 1580 3203 quadam
1626 3121 1901 3181 exordie-

161 3222 364 3305 batur,
396 3231 469 3282 ut
510 3223 709 3304 prima
750 3225 904 3297 vice,
937 3226 1045 3285 ubi
1089 3248 1230 3286 cum
1262 3227 1571 3286 extraneis
1604 3226 1905 3305 agebatur

165 3325 474 3404 gentibus,
506 3326 571 3385 id
615 3347 798 3387 omne
845 3330 1009 3407 quod
1056 3329 1327 3407 Legibus
1373 3335 1623 3387 cautum
1656 3334 1810 3398 erat,
1842 3327 1905 3387 vi

167 3427 278 3488 sua
305 3434 370 3488 et
405 3430 639 3490 virtute
679 3431 931 3492 omnino
963 3432 1180 3503 caruit,
1226 3453 1306 3491 ne
1348 3433 1568 3504 dicam,
1601 3432 1720 3492 fuit
1748 3450 1903 3511 prae-
