2236 3814
286 1373 410 1436 HIO
453 1376 667 1447 habeS,
701 1375 950 1447 Lector,
998 1395 1135 1454 quae
1184 1374 1512 1435 scribenda
1552 1375 1946 1448 videbantur,

205 1499 395 1558 quum
425 1481 502 1540 ab
547 1486 801 1540 auctore
843 1486 1165 1560 peteretur
1207 1485 1280 1538 ut
1326 1479 1683 1539 summatim
1715 1480 1948 1560 scripto

204 1585 530 1645 mandaret
579 1606 717 1665 quae
774 1585 841 1644 in
889 1584 1078 1650 variis
1130 1585 1294 1645 inter
1345 1584 1577 1645 amicos
1631 1585 1949 1664 colloquiis

204 1687 400 1749 fusius
429 1694 834 1750 tractaverat.

287 1811 558 1872 Materia
573 1812 895 1893 proposita
910 1811 1082 1872 hisce
1101 1812 1226 1871 fere
1247 1811 1553 1892 capitibus
1574 1812 1946 1872 continetur.

223 1942 248 1957 ⁸
292 1936 373 1999 1⁰.
419 1936 463 1996 J
461 1956 536 1997 us
597 1934 893 1999 Gentium
951 1936 1118 1997 inter
1186 1956 1252 1997 se
1325 1936 1668 2016 antiquitus
1723 1936 1953 2016 ubique

207 2038 626 2104 observatum.

301 2164 386 2243 20.
459 2163 639 2227 Idem
703 2162 1039 2225 hodiedum
1114 2162 1192 2223 ab
1272 2162 1563 2224 omnibus
1639 2162 1955 2243 neglectui

210 2266 456 2328 datum

293 2394 376 2452 30.
423 2391 728 2453 Absolute
775 2411 931 2472 opus
980 2412 1136 2463 esse,
1186 2391 1370 2451 modo
1403 2390 1589 2451 saluti
1637 2390 1953 2451 societatis

210 2495 404 2558 civilis
444 2496 894 2556 consulendum
946 2495 1048 2567 sit,
1082 2502 1156 2555 ut
1206 2496 1406 2555 denuo
1452 2495 1794 2556 universim
1836 2495 1880 2555 J
1880 2514 1955 2555 us

210 2600 377 2662 idem
406 2607 787 2681 agnoscatur
817 2599 1132 2662 Gentium.

296 2728 380 2786 4⁰.
431 2724 562 2788 Soli
607 2726 908 2786 Ecclesiae
956 2724 1317 2798 Catholicae,
1379 2746 1521 2786 cum
1566 2724 1738 2805 Papa
1795 2725 1953 2805 ejus-

214 2829 357 2890 dem
389 2828 628 2910 Capite,
661 2828 788 2890 vim
815 2829 1020 2890 inesse
1051 2829 1131 2889 ad
1158 2829 1225 2889 id
1254 2828 1658 2890 efficiendum.

299 2955 401 3015 5⁰.·
426 2954 660 3034 Aptam
699 2954 846 3015 huic
911 2955 1151 3035 negotii
1220 2955 1498 3035 praebere
1566 2953 1954 3015 occasionem

217 3055 561 3139 Concilium
591 3055 890 3118 Generale
918 3056 1191 3137 proxime
1222 3057 1708 3118 convocandum.

303 3182 382 3240 60.
435 3181 533 3240 Ad
574 3180 695 3241 hoc
724 3180 990 3241 maxime
1022 3179 1389 3252 conducere,
1424 3179 1669 3241 omissis
1710 3178 1950 3239 caeteris

217 3283 297 3344 ad
353 3283 420 3342 id
474 3283 864 3355 facientibus,
923 3290 996 3343 ut
1053 3284 1120 3344 in
1175 3283 1348 3344 Urbe
1406 3282 1604 3344 Roma
1660 3282 1955 3342 fundetur

180 3433 196 3447 .
219 3383 604 3466 Collegium:
662 3385 729 3445 in
772 3407 894 3466 quo
941 3387 1280 3467 disciplinae
1338 3386 1416 3446 ad
1461 3407 1592 3447 rem
1638 3385 1955 3465 politicam

219 3493 575 3567 spectantes
602 3481 770 3548 stadi
797 3488 1060 3568 possint.
