2236 3814
1037 239 1113 297 63

211 406 396 468 Unde
446 424 674 485 quaesO,
735 404 970 464 factum
1028 410 1125 463 est
1180 402 1315 463 haec
1374 404 1601 475 omnia,
1653 406 1752 465 vel
1790 405 1945 485 ipsis

209 509 518 570 tironibus
550 505 823 588 apprime
856 505 1129 585 cognita,
1163 527 1199 566 a
1228 505 1396 577 viriS‚
1430 506 1724 567 oblivioni
1755 509 1902 568 data
1921 509 1951 568 P

212 613 394 689 Quid,
442 612 608 693 quod
658 632 840 672 nemo
884 609 1238 671 inveniatur
1282 609 1386 689 qui
1436 609 1549 669 has
1601 610 1951 689 elapsorum

212 717 568 798 disciplinas
613 715 1002 786 saeculorum,
1047 713 1114 773 in
1158 713 1551 775 commodum
1582 720 1951 775 convertens

215 843 414 893 suum,
472 819 770 901 praesenti
839 839 1049 880 rerum
1122 817 1390 899 applicet
1464 817 1675 890 statui,
1728 824 1801 877 ut
1862 818 1953 879 ita

203 925 597 1004 juventutem
631 927 1123 983 succrescentem
1153 921 1409 981 edoceat
1449 921 1799 982 discernere
1841 922 1950 983 fal-

214 1047 371 1098 sum,
408 1027 773 1107 justumque
817 1026 1093 1105 diligere.
1180 1024 1270 1084 At
1319 1024 1485 1096 vero,
1529 1026 1731 1105 qualia
1771 1033 1951 1086 erant

211 1129 535 1210 falsiloqua
593 1128 957 1191 Graecorum
1000 1128 1546 1208 Romanorumque
1596 1130 1951 1190 vocabula?

212 1233 346 1293 Illis
398 1254 477 1294 ex
525 1231 777 1313 propria
831 1232 1113 1312 ipsorum
1168 1231 1411 1312 loquela
1457 1238 1749 1293 contexta
1802 1240 1948 1294 sunt

212 1336 370 1397 retia
400 1358 416 1408 ;
512 1336 579 1395 111
649 1337 796 1396 vero
868 1335 1080 1415 paucis
1152 1336 1508 1407 utebantur,
1583 1357 1660 1396 ex
1732 1335 1951 1397 Graeco

216 1460 499 1500 sermone
530 1439 872 1519 desumptis
912 1439 1214 1499 terminis.
1305 1439 1439 1500 Nos
1491 1446 1700 1500 autem
1745 1442 1953 1501 obruit

213 1544 435 1620 ingens
464 1544 656 1603 moles
686 1543 1126 1604 vocabulorum
1154 1549 1291 1602 tum
1323 1542 1535 1604 Graeca
1564 1544 1801 1624 origine
1819 1551 1957 1604 tum

215 1646 456 1719 Latina,
519 1647 765 1727 quibuS,
826 1645 1009 1707 simul
1064 1646 1407 1727 permixtis,
1466 1647 1953 1726 significationes

215 1751 523 1822 addimus,
571 1770 726 1830 quas
770 1769 884 1810 nec
930 1748 1132 1811 Graeci
1180 1771 1401 1830 capere
1449 1751 1800 1831 potuissent
1837 1772 1954 1812 nec

214 1854 518 1927 Romani3
554 1855 702 1915 dum
730 1861 943 1914 tamen
966 1854 1208 1915 assidue
1228 1876 1305 1915 ex
1326 1854 1442 1915 alia
1459 1863 1635 1935 parte
1660 1856 1960 1937 simplicia

215 1959 586 2039 propriaque
642 1958 941 2019 vocabula
1003 1966 1234 2019 nostrae
1297 1959 1526 2039 linguae
1578 1980 1954 2021 amovemus.

219 2061 400 2136 Quod
447 2062 696 2121 cuilibet
753 2062 1028 2142 profecto
1084 2062 1325 2142 patebit
1390 2062 1468 2122 ad
1513 2062 1633 2123 hoc
1679 2063 1955 2122 animum

215 2185 554 2245 parumper
624 2164 1001 2244 applicanti:
1075 2165 1310 2226 videbit
1382 2165 1547 2225 enim
1603 2146 1946 2245 permultas

218 2287 354 2328 esse
382 2266 729 2327 locutiones
770 2268 1069 2347 Anglicas
1097 2268 1197 2329 vel
1228 2289 1265 2327 a
1296 2266 1511 2329 Graeca
1540 2269 1637 2329 vel
1666 2290 1703 2328 a
1732 2268 1954 2328 Latina

215 2370 427 2450 lingua
455 2370 832 2431 derivatas*
922 2370 1184 2444 Qualem
1229 2371 1363 2432 haec
1407 2371 1616 2432 omnia
1653 2372 1957 2431 influxum

216 2473 488 2534 habeant
515 2473 581 2532 in
610 2473 925 2538 hominem
950 2474 1055 2554 qui
1085 2474 1154 2534 3ὸ
1183 2474 1490 2555 redigitur
1517 2481 1591 2535 ut
1620 2496 1693 2535 ea
1723 2475 1958 2536 discere

218 2578 460 2650 debeat,
492 2584 556 2638 et
586 2577 770 2638 simul
800 2579 1052 2639 credere
1075 2600 1148 2638 ea
1169 2579 1437 2658 aliquam
1470 2578 1691 2640 saltem
1723 2580 1956 2660 signifi-

219 2681 526 2742 cationem
553 2702 684 2762 prae
715 2702 781 2743 33
809 2682 989 2754 ferre,
1022 2682 1201 2747 facile
1237 2683 1544 2763 concipiat
1588 2683 1958 2763 quicumque

219 2785 557 2846 adverterit
584 2785 772 2846 hosce
800 2786 1103 2847 terminos
1131 2786 1286 2846 nihil
1315 2809 1391 2848 ex
1422 2807 1555 2848 sese
1586 2787 1954 2868 significare,

218 2887 286 2948 in
315 2908 531 2949 omnes
572 2890 819 2968 regulas
864 2889 1127 2970 Logices
1170 2910 1449 2971 peccare,
1497 2897 1561 2951 et
1606 2897 1786 2971 aptos
1823 2910 1958 2951 esse

220 2992 302 3055 ad
342 2993 823 3072 pervertendum
866 2993 1106 3055 animos
1147 2994 1482 3059 utentium.
1570 2995 1659 3058 Hi
1709 2992 1959 3054 termini

287 3182 316 3209 ⁴
351 3183 473 3241 Quae
495 3183 713 3232 diximus
735 3185 799 3233 ad
821 3202 879 3234 ea
901 3187 1067 3234 omnia
1089 3187 1263 3235 referri
1284 3191 1491 3249 possunt
1513 3185 1750 3233 vocabula
1773 3200 1881 3246 quae
1904 3184 1959 3231 in

222 3267 287 3322 ty,
335 3275 454 3319 enee,
502 3260 601 3321 ion,
648 3261 725 3322 ite,
773 3263 882 3323 ism,
933 3269 984 3311 et
1027 3280 1078 3312 ze
1119 3264 1381 3323 desinant5
1415 3263 1611 3331 quoties
1640 3261 1871 3309 videlicet
1903 3261 1958 3307 in

220 3335 431 3385 secunda
474 3335 801 3386 adhibeantur
844 3340 1120 3396 intentione.
1207 3339 1340 3398 Quid
1385 3340 1452 3389 sit
1496 3340 1706 3392 secunda
1753 3338 1959 3391 intencio

222 3412 400 3464 videsis
421 3412 552 3476 apud
574 3412 790 3483 Logicos.
