2236 3814
1165 211 1243 272 74

332 386 473 439 acta
511 399 587 439 ex
615 379 797 459 jussu
827 377 1162 450 Gubernii3
1227 383 1293 438 at
1335 377 1475 437 ille:
1526 375 1792 448 “Noli,''
1841 374 2060 455 inquit,

333 490 535 544 “voce
558 491 572 516 ‘
586 483 908 544 Gubernii'
939 504 1146 544 coram
1164 504 1264 542 me
1285 482 1406 553 uti3
1442 502 1626 542 sensu
1645 480 1873 541 etenim
1893 486 2062 540 caret

326 586 449 646 ista
476 609 617 647 vox.
710 587 776 648 Si
807 588 1054 667 quidem
1084 607 1220 666 quae
1240 587 1416 665 jussa
1446 591 1592 645 sunt
1612 586 1785 664 justa
1807 590 2004 655 erant,
2027 603 2064 643 a

330 690 373 750 J
373 712 484 750 ure
498 691 808 770 justitiam
832 697 1231 771 acceperunt3
1264 710 1462 768 neque
1488 708 1622 767 quae
1643 687 1873 765 injusta
1893 691 2059 757 sunt,

331 815 694 873 quocunque
713 795 1025 873 profluant
1045 816 1120 853 ex
1138 794 1329 864 fonte,
1348 793 1520 870 justa
1536 791 1713 851 reddi
1731 787 2056 869 possunt.'’

419 897 710 957 Similiter
753 904 815 956 et
864 899 915 957 si
963 899 1098 977 quis
1144 904 1363 958 contra
1404 895 1664 954 militem
1709 894 2060 973 quemlibet,

329 1001 430 1060 Vel
478 1022 551 1060 ex
598 1002 1021 1080 gregariorum
1066 1021 1344 1071 numerO,
1375 1000 1474 1060 vel
1504 1020 1579 1058 ex
1607 998 2060 1078 praefectorum,

328 1104 503 1162 litem
549 1104 922 1164 intendisset
969 1105 1044 1164 de
1075 1104 1379 1164 occisione
1429 1102 1798 1172 Sinensium,
1821 1101 2063 1180 judices

329 1210 655 1287 capitalem
677 1209 1046 1268 sententiam
1071 1209 1147 1266 de
1172 1206 1243 1267 eo
1273 1207 1466 1266 milite
1494 1206 1652 1265 ferre
1684 1205 2060 1263 debuissent.

332 1312 531 1390 Leges
562 1313 712 1391 ipsae
756 1293 901 1371 non*
927 1312 1191 1371 desunt:
1241 1312 1468 1369 desunt
1508 1309 1613 1388 qui
1643 1309 1843 1387 Leges
1874 1307 2062 1387 appli-

331 1435 470 1474 care
514 1415 725 1474 velint.

415 1521 648 1579 Verum
681 1527 795 1590 est,
815 1520 948 1578 haec
976 1517 1264 1598 praesidia
1288 1515 1852 1576 Communitatibus
1869 1516 2065 1576 vitam

331 1630 395 1683 et
423 1624 842 1683 innocentiam
873 1630 1091 1683 contra
1133 1623 1435 1680 humanas
1466 1621 1784 1701 passiones
1817 1641 2063 1681 servan-

330 1727 436 1797 tia,
471 1747 606 1805 quae
638 1727 714 1785 ab
762 1726 1029 1805 antiquis
1076 1726 1459 1805 temporibus
1510 1726 1675 1804 apud
1706 1725 1940 1784 Turcas
1986 1725 2065 1783 ad

329 1836 610 1888 nostram
650 1828 1057 1888 eruditionem
1102 1835 1554 1899 remanserunt,
1595 1829 1726 1907 jam
1775 1828 2062 1887 deflores-

330 1951 465 1990 cere
497 1932 778 2011 coepisse,
813 1932 1194 2010 Legatorum
1218 1932 1373 1991 dolis
1407 1952 1723 2011 oppressa,
1755 1930 2066 2011 pravaque

329 2034 773 2115 Europaeorum
832 2035 1135 2094 sentiendi
1190 2035 1448 2094 ratione.
1565 2035 1655 2094 At
1720 2056 1847 2094 non
1902 2035 2067 2094 inter

329 2139 562 2198 Turcas
595 2140 755 2199 sicut
797 2140 862 2198 in
908 2138 1154 2218 Europa
1197 2139 1339 2198 talis
1370 2139 1676 2198 ‘cohibitio
1707 2159 1870 2199 nova
1897 2138 2064 2215 vide-

326 2248 469 2313 tur3
516 2265 630 2303 nec
677 2264 1047 2322 quemquam
1093 2242 1368 2302 offendit.
1457 2243 1682 2302 Adhuc
1732 2241 2062 2321 rempubli-

327 2366 461 2405 cam
506 2352 735 2424 gerunt
776 2345 1208 2404 Mahumetani
1228 2367 1243 2415 3
1293 2345 1520 2403 sentire
1559 2351 1842 2423 possunt,
1873 2345 2062 2404 immo

329 2450 625 2519 sentiunt,
650 2448 953 2528 quantum
983 2469 1059 2507 ex
1086 2448 1161 2508 iis
1187 2468 1338 2527 quas
1367 2447 1548 2507 inviti
1577 2448 1856 2507 fecerunt
1884 2468 2062 2507 usur-

325 2554 677 2633 pationibus
711 2559 1004 2633 sequatur
1025 2553 1266 2631 injuriae
1292 2574 1307 2623 ;
1353 2573 1552 2631 neque
1581 2553 1874 2631 ignorant
1902 2553 2061 2633 peri-

327 2657 531 2715 culum
564 2657 730 2735 quod
778 2656 894 2715 sibi
942 2677 1018 2715 ex
1068 2655 1374 2735 Europaeo
1420 2655 1660 2734 Legum
1700 2661 2063 2735 contemptu

328 2759 476 2819 oriri
503 2759 721 2838 possit.
810 2758 1110 2818 Dubitare
1151 2758 1345 2837 igitur
1374 2779 1555 2818 nemo
1585 2765 1795 2838 potest
1825 2759 2060 2819 Turcas

330 2883 472 2923 cum
501 2862 726 2942 gaudio
768 2868 1130 2942 accepturos
1162 2882 1297 2940 quae
1328 2862 1619 2921 Pontifex
1642 2861 2058 2941 proposuerit,

329 2966 526 3045 iisque
585 2967 992 3045 quodcunque
1048 2965 1367 3044 potuerint
1430 2965 1725 3024 auxilium
1779 2965 2014 3030 laturos
2039 2986 2056 3036 3

330 3073 530 3149 neque
558 3069 702 3129 vero
731 3067 948 3149 parum
976 3067 1088 3127 hac
1130 3068 1196 3127 in
1237 3089 1305 3128 re
1336 3074 1544 3128 essent
1572 3068 1823 3128 valituri
1849 3091 1862 3128 :
1912 3068 2062 3148 qui‘n

319 3173 515 3232 etiam
565 3172 699 3232 fieri
742 3179 954 3252 potest
1001 3178 1074 3231 ut
1122 3192 1234 3252 per
1290 3171 1425 3232 haec
1482 3171 1937 3232 adducerentur
1980 3172 2061 3232 ad

327 3274 624 3354 pristinos
682 3295 885 3336 mores
967 3273 1319 3335 salutariter
1386 3275 1787 3347 revocandos,
1847 3281 1911 3334 et
1981 3274 2061 3334 ad

327 3376 535 3438 debita
591 3398 729 3438 cum
785 3377 1132 3440 reverentia
1189 3377 1702 3438 considerandum
1757 3376 2061 3458 principia
