2236 3814
1132 214 1212 273 86

316 381 655 441 monendos
701 381 1009 452 duximus,
1041 401 1175 440 rem
1204 381 1281 440 de
1318 379 1437 460 qua
1466 379 1675 461 agitur
1705 380 1783 439 ad
1811 368 2048 440 nullum

319 487 547 566 dogma
574 485 932 565 religiosum
974 485 1272 555 revocari,
1307 485 1417 544 sed
1447 484 1525 543 ad
1561 484 2051 563 propositionem

320 610 505 669 quam
534 589 840 648 trutinare
885 589 1136 648 cuilibet
1177 588 1421 658 licebit3
1475 586 1812 646 trutinanti
1839 592 2051 645 tamen

317 693 545 753 Veritas
575 692 829 772 patebit.
920 692 1136 770 Neque
1182 691 1344 750 enim
1375 689 1593 770 negari
1621 695 1831 769 potest
1859 689 2048 759 illam,

321 817 506 875 quam
548 795 858 874 publicam
901 799 1266 873 nuncupant
1297 793 1668 872 opinionem,
1699 791 1765 850 in
1803 812 1874 851 eo
1907 812 2050 851 con-

321 899 540 958 sistere
568 904 640 956 ut
669 898 710 957 ,J
712 897 838 957 usti
861 903 924 956 et
946 897 1143 976 AEqui
1163 897 1297 956 loco
1323 896 1489 955 aliud
1514 896 1660 975 quid
1692 894 2049 965 sufficiatur,

318 1003 705 1082 populosque
736 1002 1004 1080 Europae
1046 1001 1336 1080 quicquid
1378 1000 1612 1060 factum
1657 1006 1772 1071 est,
1806 1021 1877 1059 eo
1914 999 2052 1079 ipso

322 1107 464 1185 quia
492 1106 727 1165 factum
759 1106 859 1176 sit,
893 1105 1187 1184 accipere.
1274 1103 1565 1183 Quisquis
1596 1103 1789 1182 igitur
1817 1103 1936 1163 hoc
1965 1103 2055 1161 ita

323 1230 387 1269 se
416 1191 646 1269 habere
692 1208 1033 1287 cognoscit,
1074 1206 1320 1287 justitia
1361 1213 1573 1266 tamen
1618 1227 1846 1277 carere,
1886 1205 2052 1264 futu-

320 1335 510 1393 raque
536 1315 760 1372 damna
789 1312 1081 1383 minitari,
1109 1313 1293 1371 debet
1323 1312 1402 1370 ad
1430 1311 1495 1369 id
1519 1310 1791 1369 animum
1813 1315 2055 1370 vertere

318 1426 390 1478 ut
421 1418 651 1497 aliquid
678 1417 934 1477 remedii
962 1416 1334 1477 inveniatur.

404 1522 570 1581 Illud
614 1527 915 1600 praeterea
957 1519 1160 1579 notari
1204 1520 1406 1589 debet,
1453 1518 1528 1578 iis
1575 1523 1881 1602 quotquot
1917 1517 2052 1576 infi-

322 1629 488 1688 deles
532 1633 678 1686 sunt
717 1627 816 1686 vel
861 1625 1205 1696 acatholici,
1238 1624 1393 1684 meri
1434 1624 1704 1683 hominis
1734 1625 1892 1683 hanc
1922 1643 2056 1683 esse

323 1732 716 1791 sententiam.
808 1730 1015 1789 Homo
1046 1730 1282 1808 utique,
1315 1728 1517 1788 nostri
1549 1728 1783 1799 similis,
1818 1734 2056 1788 ceteros

322 1836 654 1914 alloquitur
712 1834 1138 1904 admonend03
1205 1853 1540 1911 eorumque
1607 1831 1901 1890 auxilium
1964 1831 2056 1889 111-

321 1945 523 2009 vocat,
569 1944 641 1996 ut
686 1937 922 1997 nefaria
963 1937 1068 1995 illa
1112 1942 1292 2014 gesta
1335 1935 1726 2015 prohibeant,
1768 1955 1880 2014 per
1923 1955 2058 2013 quae

324 2042 563 2102 cunctis
639 2041 942 2102 Gentibus
1021 2040 1203 2100 Orbis
1276 2038 1633 2109 Christiani,
1687 2039 1876 2098 immo
1948 2059 2060 2118 per

326 2147 818 2206 Christianorum
850 2144 1198 2223 exemplum
1233 2151 1296 2203 et
1332 2143 1658 2214 actionem,
1690 2142 1908 2214 totius,
1942 2141 2061 2222 qua

322 2250 446 2308 late
476 2255 670 2328 patet,
700 2248 906 2318 Orbis,
932 2247 1323 2306 turbationes
1352 2247 1652 2305 inducant
1676 2251 1738 2304 et
1767 2245 2055 2325 pericula.

412 2352 569 2413 Suas
621 2352 912 2431 primario
969 2351 1132 2408 PAPA
1193 2370 1337 2410 oves
1392 2349 1729 2427 alloquitur
1753 2371 1768 2419 3
1836 2349 2059 2427 quibus

325 2463 537 2516 tamen
576 2476 704 2514 non
755 2454 872 2513 alia
921 2460 1068 2513 sunt
1119 2452 1345 2531 agendi
1394 2451 1713 2531 principia,
1766 2451 2062 2511 nonalia

329 2579 529 2629 sensa,
586 2577 656 2616 ac
714 2555 1090 2615 acatholicis.
1179 2555 1396 2633 Neque
1441 2554 1605 2613 enim
1653 2576 1729 2614 ex
1773 2576 1844 2614 00
1898 2556 2063 2634 quod

328 2663 717 2742 Religionem
742 2665 1084 2739 sequuntur
1107 2659 1344 2729 ducem,
1372 2658 1550 2718 aliter
1582 2664 1729 2718 sunt
1754 2659 2058 2739 dispositi,

329 2788 400 2827 ac
428 2766 519 2825 illi
549 2765 653 2845 qui
671 2764 1054 2843 Religionem
1085 2783 1329 2822 omnem
1361 2763 1741 2841 abjecerunt.
1833 2761 2060 2823 Catho-

326 2869 430 2929 lici
485 2889 600 2928 nec
667 2873 984 2927 testantur
1049 2872 1269 2925 contra
1334 2866 1566 2924 scelera
1622 2864 1886 2943 publica,
1947 2885 2062 2924 nec

332 2981 370 3006 “
399 2971 722 3053 Opinionis
765 2969 1036 3030 Publicae
1058 2968 1094 2993 '⁹
1141 2968 1268 3029 vim
1309 2973 1635 3048 respuunt,
1676 2987 1791 3026 nec
1833 2973 1872 2999 ‘⁶
1896 2967 2064 3028 facta

331 3081 760 3157 consummata
780 3073 815 3098 ’⁹
852 3092 1187 3153 agnoscere
1211 3072 1538 3150 denegant.
1600 3070 1809 3130 Rebus
1833 3071 2063 3131 etenim

331 3179 596 3260 politicis
641 3200 677 3237 a
718 3176 1036 3256 Religione
1081 3174 1396 3254 sejunctiS,
1443 3171 1513 3232 οὂ
1561 3172 1940 3246 devenimus,
1989 3181 2064 3235 ut

331 3281 714 3343 credentium
787 3280 971 3361 simul
1029 3285 1092 3339 et
1147 3277 1608 3337 incredulorum
1665 3277 1878 3337 eadem
1938 3278 2064 3338 sint

334 3405 536 3458 sensa,
567 3404 772 3444 mores
800 3383 1024 3444 iidem:
1071 3381 1162 3441 ita
1205 3386 1293 3453 ut,
1338 3380 1486 3440 dum
1528 3378 1594 3437 hi
1638 3399 1884 3440 omnem
1913 3379 2062 3460 abji-
