2236 3814
986 268 1064 326 29

162 431 443 498 secutum
473 440 570 494 est
598 435 879 513 Bellum3
925 433 969 494 J
971 453 1203 513 apones
1226 453 1353 494 non
1379 435 1570 494 semel
1590 434 1900 509 lacessiti3

160 540 310 600 urbs
339 538 382 600 J
383 539 542 600 edda
584 537 786 619 globis
831 536 1123 618 displosis
1164 543 1567 618 oppugnata:
1614 540 1905 601 ultimum

158 645 365 705 locum
421 642 627 704 tenuit
681 641 1038 725 Abyssiniae
1093 641 1355 702 invasio.
1446 640 1599 716 Quae
1657 643 1905 722 quidem

159 749 320 810 bella
349 749 610 810 eandem
640 746 849 808 omnia
876 766 1007 828 prae
1039 767 1106 808 se
1134 745 1347 807 ferunt
1375 752 1627 818 notam3
1675 746 1907 827 injusta

163 852 391 914 etenim
433 853 685 913 fuerunt
729 851 954 924 omnia,
992 850 1245 912 minime
1273 850 1641 922 necessaria,
1674 852 1906 912 nemini

161 956 524 1038 profutura:
559 957 709 1017 dum
733 957 916 1017 simul
938 956 1015 1016 iis
1047 962 1383 1016 caruerunt
1401 955 1902 1029 formalitatibuS,

162 1060 384 1141 quibus
429 1081 588 1141 opus
632 1068 729 1120 est
763 1067 836 1120 ut
863 1061 1114 1133 bellum,
1149 1060 1548 1141 quantumvis
1571 1060 1813 1140 justum
1843 1070 1907 1122 et

160 1165 598 1238 necessarium,
629 1165 741 1225 fiat
769 1163 1138 1246 legitimum.

245 1269 611 1331 Notandum
669 1277 784 1342 est,
846 1277 985 1330 tum
1047 1270 1289 1329 nullum
1347 1290 1423 1329 ex
1481 1268 1651 1329 hisce
1710 1270 1907 1349 gestis

160 1374 402 1434 lucrum
449 1395 584 1435 esse
633 1376 1104 1455 reportandum,
1147 1381 1285 1433 tum
1314 1374 1518 1434 nullos
1560 1373 1908 1434 animorum

163 1478 441 1552 affectus,
491 1479 715 1559 quibus
781 1478 1002 1539 fuisset
1062 1478 1531 1558 indulgendum,
1580 1499 1717 1539 esse
1761 1500 1906 1540 con-

163 1582 406 1644 citatos
499 1582 668 1644 Gens
717 1583 987 1663 Anglica
1035 1603 1357 1663 nunquam
1409 1603 1501 1653 eo,
1548 1582 1670 1642 nisi
1711 1583 1907 1663 inopi-

161 1693 404 1760 nanter,
438 1688 711 1748 adducta
741 1693 856 1747 est.
949 1685 1198 1767 Scripta
1228 1708 1299 1746 eo
1330 1707 1529 1766 usque
1559 1686 1906 1760 falsificata,

161 1797 234 1851 ut
263 1791 454 1852 etiam
481 1813 610 1852 non
639 1791 971 1851 existentia
1017 1791 1480 1862 simularentur,
1516 1796 1579 1850 et
1609 1791 1911 1871 figmenta

162 1894 494 1976 omnigena
541 1895 837 1967 adhibita,
893 1915 966 1955 eo
1026 1894 1149 1954 fine
1207 1900 1279 1953 1111
1336 1894 1567 1954 bellum
1623 1894 1905 1955 iniretur.

162 1997 382 2078 Neque
440 1999 844 2080 capiebantur
901 1997 1258 2078 hujusmodi
1316 1998 1575 2058 consilia
1631 2005 1907 2059 tantum-

163 2103 349 2163 modo
368 2103 448 2163 ad
471 2102 637 2163 cives
658 2102 1057 2183 decipiendos
1082 2109 1145 2162 et
1169 2102 1909 2174 Parliamentum,verum

164 2206 354 2268 etiam
405 2207 486 2268 ad
545 2208 952 2268 obcaecandos
1016 2228 1120 2267 eos
1175 2206 1280 2286 qui
1343 2208 1686 2266 secundum
1744 2208 1910 2267 inter

162 2311 490 2373 Ministros
572 2318 860 2372 tenerent
934 2312 1220 2392 gradum,
1286 2312 1478 2371 immo
1552 2312 1632 2370 ad
1704 2312 1909 2391 ipsum

164 2408 402 2496 Regem
463 2416 902 2476 seducendum.
995 2414 1219 2475 Omnia
1269 2436 1380 2494 per
1424 2436 1620 2473 unum
1677 2422 1908 2475 tracta-

162 2521 395 2582 bantur
464 2520 863 2592 Ministrum3
927 2519 1052 2600 qui,
1112 2526 1186 2579 ut
1248 2504 1365 2580 sibi
1427 2519 1906 2593 immunitatem,

162 2625 397 2686 bonum
477 2644 853 2697 successum,
926 2625 1253 2704 locumque
1341 2624 1700 2684 conciliaret
1784 2626 1908 2705 pri-

164 2729 449 2800 marium,
490 2729 730 2788 caeteris
773 2729 1105 2809 persuasit,
1137 2749 1367 2789 nomen
1388 2728 1672 2807 Anglicae
1702 2730 1908 2809 gentis

163 2831 520 2913 periclitari,
551 2832 738 2912 idque
784 2831 1078 2893 sustineri
1123 2833 1364 2893 debere.
1454 2832 1725 2905 Interea,
1761 2834 1909 2892 dum

164 2937 438 2998 universi
496 2957 632 2998 sese
695 2936 987 2998 imbecilli
1046 2938 1351 2999 sentirent
1424 2958 1561 2997 esse
1632 2938 1906 3018 ingeniO,

104 3031 107 3034 ⁵
165 3047 230 3102 et
284 3041 728 3122 rempublicam
784 3041 1037 3102 minime
1086 3042 1153 3102 in
1196 3048 1337 3102 tuto
1381 3041 1653 3122 positam
1698 3043 1906 3102 crede-

163 3151 327 3218 rent,
374 3145 522 3207 huic
563 3146 676 3206 uni
722 3152 871 3207 sunt
915 3166 1130 3207 omnes
1181 3146 1401 3207 confisi
1453 3165 1636 3225 quem
1679 3144 1909 3206 fortem

167 3248 353 3310 simul
395 3256 461 3311 et
499 3257 718 3332 aptum
745 3251 1149 3314 invenissent.

250 3352 429 3413 Inter
455 3353 639 3435 hujus
670 3356 918 3436 generis
947 3355 1245 3425 facinora,
1279 3373 1416 3433 quae
1452 3352 1518 3412 in
1547 3350 1701 3413 Asia
1729 3359 1911 3432 gesta

169 3463 336 3529 sunt,
365 3457 571 3518 locum
612 3458 803 3520 habet
843 3461 1152 3521 tumultus
1195 3457 1483 3518 militaris
1529 3478 1711 3537 quem
1742 3477 1907 3517 anno
