2236 3814
985 270 1061 331 17

159 436 388 497 cidium
446 455 624 506 esse;
670 436 997 515 ignoratur
1055 441 1266 495 autem
1325 435 1601 494 animum
1656 437 1723 495 in
1764 437 1895 497 dies

157 539 356 620 magis
388 539 675 602 servilem
704 539 987 620 gentium
1031 560 1241 600 coram
1283 539 1615 619 tyrannide
1643 559 1898 619 pessum

157 644 442 703 datarum
451 664 468 714 ;
531 642 831 722 siquidem
869 641 1086 702 tenera
1122 648 1307 702 aetate
1351 641 1673 720 disciplina
1708 662 1897 702 saecu-

156 745 303 806 laris
362 752 426 806 et
486 746 776 826 religiosa
836 746 1112 825 neglexit
1183 745 1346 806 cives
1420 745 1582 806 circa
1654 744 1900 805 sceleris

159 849 514 929 hujusmodi
583 855 648 909 et
724 849 967 930 peccati
1050 855 1342 909 naturam
1417 849 1748 919 instruere,
1831 868 1903 907 ac

157 953 415 1033 proinde
453 953 734 1013 homines
790 953 882 1014 ita
939 960 1010 1013 ut
1064 959 1280 1034 essent
1321 953 1501 1033 justi,
1556 974 1628 1013 ac
1666 953 1901 1013 virtute

157 1056 422 1137 praediti,
452 1057 552 1117 vel
581 1057 688 1137 qui
715 1057 985 1118 naturali
1021 1058 1243 1118 saltem
1276 1057 1520 1117 ratione
1554 1063 1900 1127 uterentur,

162 1161 442 1220 educare.

243 1264 542 1324 Animum
569 1264 750 1325 ferire
779 1271 991 1345 potest
1021 1265 1204 1325 simul
1232 1271 1296 1325 et
1325 1266 1587 1336 erudire,
1621 1265 1907 1345 analogia

161 1389 238 1428 ex
276 1368 574 1429 societate
615 1368 719 1428 illa
759 1368 978 1429 Indica
1020 1370 1305 1441 deducta,
1353 1370 1452 1430 cui
1488 1369 1899 1448 Thuqqorum*

161 1491 390 1531 nomen
418 1472 796 1552 imponitur:
833 1474 938 1552 qui
963 1475 1039 1533 de
1072 1473 1331 1552 singulis
1361 1474 1708 1533 homicidiis
1739 1474 1903 1533 idem

164 1576 331 1655 quod
372 1577 606 1636 nostris
641 1577 1027 1656 temporibus
1078 1576 1417 1636 Christiani
1462 1577 1547 1637 de
1578 1577 1905 1657 multiplici

166 1684 495 1738 senserunt
522 1678 872 1740 homicidiO.
948 1679 1133 1751 Hinc,
1162 1681 1214 1740 si
1245 1680 1380 1759 quis
1412 1701 1487 1739 ex
1516 1679 1586 1740 ea
1610 1681 1904 1740 societate

165 1781 398 1841 crimen
441 1788 696 1842 actuum
738 1783 1096 1862 hujusmodi
1139 1783 1519 1863 agnovisset,
1568 1783 1767 1843 socios
1798 1805 1902 1843 au-

163 1891 293 1944 tem
323 1886 572 1946 sceleris
604 1907 865 1966 arguere
894 1887 1212 1959 voluisset,
1244 1888 1407 1947 illius
1438 1907 1566 1946 non
1596 1887 1714 1947 alia
1741 1887 1907 1948 inter

166 2007 312 2048 suos
350 1994 519 2048 esset
563 1989 856 2063 conditio,
889 2010 961 2049 ac
1005 1991 1136 2069 ejus
1186 1990 1250 2050 in
1297 1990 1593 2050 hodierna
1636 1990 1903 2070 Europa,

169 2090 221 2151 si
245 2090 382 2170 quis
404 2091 570 2151 idem
586 2091 751 2152 inter
772 2094 1040 2171 aequales
1062 2113 1207 2153 suos
1226 2094 1583 2153 tentaverit.
1646 2094 1907 2153 Frustra

166 2195 310 2254 talis
342 2195 423 2255 ad
450 2196 716 2275 patriam
745 2196 1127 2276 religionem,
1161 2196 1397 2256 frustra
1436 2197 1517 2256 ad
1546 2217 1904 2256 communes

167 2297 490 2358 hominum
519 2319 740 2359 sensus
770 2300 1135 2379 provocabit
1163 2299 1433 2361 innatos,

252 2401 688 2474 Nihilominus,
737 2422 874 2482 quae
921 2402 1022 2463 hic
1062 2403 1533 2474 adumbrantur,
1566 2403 1750 2462 aliam
1780 2422 1908 2462 om-

170 2504 317 2566 nino
350 2506 618 2586 speciem
646 2506 934 2578 induunt,
969 2507 1021 2567 si
1043 2507 1317 2567 hortatio
1350 2508 1426 2567 ab
1454 2508 1559 2567 illo
1588 2507 1913 2587 proveniat

169 2609 509 2690 Religionis
554 2611 846 2683 Praeside,
907 2632 1092 2691 quem
1143 2613 1463 2673 ducenties
1516 2613 1642 2672 fere
1692 2612 1910 2672 millies

171 2713 405 2773 milleni
487 2719 785 2793 tanquam
855 2714 1177 2775 Vicarium
1263 2715 1379 2774 Dei
1470 2715 1602 2794 jam
1698 2735 1910 2793 recog-

171 2824 461 2878 noscunt.
550 2819 636 2879 Hi
669 2819 889 2879 saltem
919 2819 1322 2880 offensionem
1354 2820 1688 2899 deponent,
1726 2825 1912 2898 atque

175 2940 388 2982 omnes
458 2943 584 2982 uno
659 2943 764 2983 ore
836 2923 1216 2996 clamabunt,
1283 2929 1357 2983 ut
1408 2923 1555 2983 olim
1611 2923 1677 2982 in
1749 2922 1909 2983 Con-

174 3024 312 3086 cilio
340 3023 862 3088 Glaromontano:
899 3033 937 3060 ‘⁶
960 3027 1282 3089 VOLUNTAS
1312 3027 1435 3086 Dm
1464 3027 1603 3086 Esrl
1635 3026 1671 3052 ’'
1760 3025 1916 3086 Vult

175 3149 398 3209 nempe
427 3128 599 3189 Deus
630 3137 703 3190 ut
748 3130 830 3190 sit
873 3151 998 3211 pax
1026 3131 1093 3190 in
1121 3130 1306 3202 terra,
1339 3130 1695 3190 hominibus
1734 3130 1915 3188 bonae

176 3231 553 3304 voluntati-s;
641 3255 763 3314 pax
834 3240 1050 3295 autem
1119 3233 1370 3294 nonnisi
1439 3254 1551 3312 per
1606 3231 1916 3311 justitiam

244 3392 277 3423 ⁸
327 3391 552 3456 'Thuggis
574 3393 629 3440 in
652 3393 800 3442 India
824 3395 1071 3443 Orientali
1094 3393 1399 3457 degentibus,
1427 3409 1629 3440 summae
1664 3392 1800 3441 laudi
1822 3392 1919 3440 fuit

180 3471 238 3515 ut
259 3467 482 3516 homines
515 3469 801 3519 innocentes
824 3488 914 3520 nec
936 3473 1195 3535 opinantes
1211 3471 1511 3535 jugularent.

1033 3557 1064 3599 Ο
