2236 3814
1175 189 1252 247 92

349 350 677 413 decernere
733 352 969 433 possit3
1035 373 1177 413 eum
1249 353 1396 412 olim
1455 352 1754 414 Russicus
1811 354 2085 433 Legatus

350 454 594 516 Matr-iti
649 456 818 517 haud
891 456 1068 518 secus
1142 477 1214 518 ac
1259 456 1583 518 Varsoviae
1645 457 1964 517 dominum
2021 478 2086 518 se

347 558 729 638 praestiterit.

433 661 554 736 Qui
581 663 703 723 tria
740 663 993 724 nomina
1036 663 1359 724 excludere
1402 669 1633 744 potest,
1664 663 1768 723 ille
1796 664 2089 724 nimirum

347 767 488 825 vere
548 766 722 845 eligit
779 767 1182 838 Pontificem;
1249 788 1450 847 neque
1509 767 1672 827 enim
1729 768 2089 847 plerumque

348 869 563 947 plures
594 870 824 929 adsunt
856 870 960 949 qui
989 871 1114 929 ullo
1144 875 1328 949 pacto
1374 869 1519 949 eligi
1546 869 1808 950 possint.
1897 869 2090 931 Hisce

348 972 543 1052 igitur
572 973 1068 1053 conspirantibus
1112 973 1483 1054 prohibendi
1510 973 1930 1045 facultatibus,
1960 995 2089 1033 non

349 1082 480 1136 tam
537 1082 667 1136 tres
725 1083 961 1148 vetant,
1024 1098 1208 1156 quam
1269 1097 1431 1137 unus
1504 1077 1695 1156 eligit.
1803 1076 1922 1151 Qui
1978 1077 2090 1136 tali

348 1178 669 1259 privilegio
713 1181 1033 1259 gauderet,
1074 1181 1175 1241 Vel
1225 1181 1494 1260 gaudere
1546 1180 1921 1251 crederetur,
1956 1180 2090 1260 ipse

353 1282 631 1341 omnium
663 1280 1086 1342 Cardinalium
1118 1283 1328 1341 oculos
1361 1282 1440 1341 ad
1473 1302 1536 1341 se
1567 1288 1974 1342 converteret.

434 1385 560 1444 Pro
618 1386 937 1465 explorato
994 1386 1295 1445 habemus
1347 1386 1717 1445 PoNcnmoEM
1765 1386 1885 1447 hoc
1930 1386 2087 1467 peri-

268 1524 270 1527 -
351 1488 558 1547 culum
601 1494 1002 1568 perspectum
1045 1489 1293 1559 habere,
1334 1488 1483 1568 quin
1524 1488 1766 1548 Russiae
1807 1489 1960 1549 illud
1997 1510 2091 1549 re-

349 1591 548 1662 ferat3
605 1593 716 1651 sed
758 1590 1079 1652 Gallorum
1122 1592 1508 1652 Moderatori
1553 1592 1801 1675 referat,
1839 1614 2092 1654 necesse

349 1702 462 1755 est.
528 1695 873 1756 LUDOVIOUS
898 1696 959 1755 N
961 1713 1181 1755 APOLEO
1214 1715 1452 1755 sacram
1475 1696 1837 1756 unctionem
1867 1718 1904 1756 a
1932 1697 2090 1756 PON-

349 1817 537 1859 TOEIOE
571 1799 767 1878 petiit,
817 1820 1001 1878 quam
1043 1799 1208 1860 idem
1248 1800 1552 1858 PONTIFEX
1588 1800 1732 1859 dare
1775 1801 2088 1860 recusavit.

352 1902 614 1961 Frustra
671 1903 751 1962 ad
806 1903 925 1963 hoc
982 1903 1274 1963 adhibitae
1329 1910 1476 1963 sunt
1526 1910 1661 1962 tum
1704 1904 1908 1976 minae,
1957 1910 2092 1964 tum

349 2005 789 2068 beneficiorum
821 2006 1032 2085 (etiam
1061 2004 1363 2086 pecuniae)
1401 2006 1666 2066 oblatio:
1701 2007 1913 2086 nequit
1944 2028 2092 2087 ergo

351 2109 724 2169 PONTIFIOEM
775 2110 990 2181 latere,
1042 2110 1248 2170 omnia
1297 2110 1427 2170 fore
1473 2111 1780 2171 movenda
1823 2117 1896 2170 ut
1944 2110 2091 2183 Suc-

351 2232 562 2273 cessor
592 2213 723 2292 ejus
755 2214 835 2272 ad
865 2214 1331 2292 obsequendum
1368 2214 1448 2273 sit
1476 2214 1769 2293 paratior.

434 2314 658 2389 Quare,
693 2316 744 2375 si
775 2315 1119 2376 Concilium
1150 2318 1230 2376 ad
1275 2317 1395 2376 hoc
1448 2324 1876 2388 convocatum,
1909 2318 1998 2377 ita
2028 2337 2092 2377 se

350 2415 565 2497 gerere
599 2418 800 2497 possit
841 2425 915 2477 ut
962 2419 1235 2478 externis
1282 2419 1423 2478 istis
1469 2410 1810 2498 privilegiis
1851 2420 2092 2480 obicem

351 2526 565 2600 ponat,
602 2526 755 2580 tune
784 2521 1020 2599 utique,
1048 2521 1317 2599 aliquam
1356 2521 1559 2581 lucem
1598 2521 1915 2583 affundere
1953 2531 2092 2603 pot-

353 2624 472 2684 erit
503 2623 666 2684 circa·
705 2624 939 2685 motiva
967 2625 1336 2684 PONTIFIGEM
1379 2626 1683 2705 urgentia,
1717 2633 1780 2686 et
1813 2628 2094 2687 nonnihil

351 2727 720 2807 conjecturis
785 2728 1029 2807 assequi
1079 2728 1420 2808 poterimus
1465 2729 1628 2789 circa
1670 2729 2092 2811 discrepantes

350 2829 548 2910 ipsius
594 2836 656 2890 et
703 2828 1122 2891 Cardinalium
1181 2832 1540 2893 sententias
1629 2833 1962 2906 Praeterea,
2020 2835 2087 2895 id

355 2933 509 2994 satis
565 2933 633 2993 in
687 2934 931 3015 liquido
995 2942 1350 3014 poneretur,
1412 2957 1523 2996 cur
1588 2937 1715 2996 tale
1771 2938 2093 3017 negotium

352 3037 652 3118 mysterio
735 3037 1125 3099 obvolvatur.
1265 3036 1574 3110 Ceterum,
1665 3039 1924 3100 evidens
1996 3048 2094 3103 est

352 3138 647 3200 Ecclesiae
680 3139 1013 3202 Catholicae
1057 3139 1340 3200 fortunas
1382 3161 1459 3201 ex
1486 3140 1764 3220 pro-xima
1793 3143 2123 3209 electione„

353 3241 678 3309 Pontifici&
720 3244 1019 3323 pendere,
1078 3242 1202 3324 qua
1263 3263 1404 3304 cum
1462 3243 1760 3305 electione
1816 3246 2097 3326 proxime

355 3345 744 3418 eonnectitur
813 3366 1090 3426 praesens
1164 3344 1524 3434 Concilium.
1642 3347 1720 3407 Id
1790 3355 2094 3436 praeterea
