2236 3814
1103 240 1183 298 46

283 403 692 464 mutationem
736 407 992 483 operata
1034 408 1131 462 est
1174 422 1247 462 ea
1287 401 1353 461 in
1397 401 1607 463 Rebus
1669 403 1770 483 (ut
1810 402 2011 484 aiunt)

287 506 582 579 OrientiS,
617 506 1044 578 Interventi03
1077 527 1189 586 per
1219 526 1420 585 quam,
1456 506 1709 579 scilicet,
1742 508 2019 569 confusio

282 610 704 670 inenarrabilis
727 611 791 668 in
813 611 997 669 rebus
1027 609 1192 668 inter
1215 610 1493 669 diversas>
1515 615 1734 689 gentes
1758 611 2015 690 agendis

283 714 677 793 supervenit:
727 720 791 773 et
830 713 882 772 si
912 733 1016 772 eos
1047 712 1315 792 excipias
1346 712 1451 791 qui
1477 712 1542 770 in
1572 711 1782 772 eadem
1810 733 2018 773 versa-

284 818 531 888 bantur,
553 817 758 876 nullus
788 816 1142 876 mortalium
1168 815 1458 894 cognovit
1485 815 1676 874 talem
1705 815 2019 876 exstitisse

287 920 729 990 confusionem,
762 926 1095 998 antequam
1136 919 1214 978 de
1261 917 1491 978 Graecis
1538 925 1813 999 coeptum
1856 925 2021 980 esset

286 1024 525 1104 agitari.
616 1024 681 1083 Is
732 1024 1138 1102 magistratus
1186 1044 1223 1081 a
1271 1043 1391 1101 quo
1448 1043 1548 1082 res
1600 1029 1826 1082 exterae
1874 1029 2021 1083 sunt

288 1127 811 1197 administrandae,
838 1126 1036 1186 omnis
1060 1125 1574 1205 reprehensionis,
1602 1125 1799 1186 omnis
1821 1124 2020 1205 inqui-

290 1231 531 1291 sitionis
573 1250 812 1310 experS,
845 1229 977 1309 ipse
1020 1250 1132 1308 per
1177 1249 1241 1288 se
1270 1229 1435 1287 valet
1477 1228 1735 1288 incitare
1770 1235 2022 1307 gentem

288 1336 368 1394 ad
408 1335 662 1404 bellum3
710 1332 850 1392 dein
899 1330 1315 1402 “moralem,'’
1349 1338 1420 1390 ut
1464 1332 1656 1403 aiunt,
1702 1332 2020 1391 “influen-

287 1436 503 1508 tiam,''
527 1437 593 1495 in
617 1437 799 1495 aliam
820 1435 1156 1514 quamlibet
1179 1455 1427 1494 exerere
1451 1440 1727 1513 gentem3
1763 1456 1834 1495 ac
1853 1435 2022 1495 deni-

289 1561 406 1619 que
448 1559 549 1599 res
599 1539 879 1598 internas
933 1558 1057 1597 suae
1108 1538 1312 1617 gentis
1363 1539 1635 1610 turbare,
1673 1538 2023 1599 libertatem

287 1645 594 1704 internam
635 1649 927 1714 evertere,
960 1643 1166 1722 plures
1210 1643 1434 1702 milites
1481 1644 1887 1716 conscribere,
1922 1666 2022 1703 ex-

287 1768 512 1828 pensas
558 1767 802 1826 augere,
834 1746 1162 1825 vectigalia
1205 1767 1367 1805 nova
1394 1746 1730 1826 imponere,
1765 1768 1849 1806 aes
1881 1747 2022 1807 alie-

288 1874 439 1911 num
462 1852 659 1930 majus
691 1850 978 1922 conflare,
1001 1857 1064 1909 et
1095 1851 1277 1909 simul
1305 1851 1437 1909 haec
1469 1851 1727 1929 agendO,
1751 1871 2024 1911 amorem

289 1954 506 2034 patriae
554 1960 617 2013 et
665 1952 978 2033 religionis
1037 1954 1219 2013 avitae
1278 1975 1354 2013 ex
1409 1955 1749 2013 multorum
1801 1955 2024 2014 civium

291 2060 578 2119 cordibus
619 2059 893 2119 evellere.
983 2058 1244 2118 Accedit
1289 2059 1411 2119 huc
1459 2060 1647 2138 quod,
1692 2059 2025 2119 seditiones

292 2163 440 2221 dum
466 2162 692 2222 directe
716 2163 883 2222 fovet
906 2162 971 2220 in
994 2162 1307 2222 nonnullis
1339 2162 1632 2242 gentibus
1663 2164 1743 2222 ad
1773 2163 1891 2223 hoc
1921 2163 2026 2223 de-

294 2266 574 2345 signatis,
601 2273 780 2345 parat
809 2265 874 2323 in
905 2265 1208 2325 omnibus,
1291 2265 1384 2324 Eo
1404 2266 1684 2324 tenditur
1704 2266 2027 2325 infortunii

292 2374 365 2427 ut
387 2369 716 2427 honestum
746 2388 926 2426 omne
955 2367 1232 2445 regimen
1254 2367 1364 2425 fiat
1386 2367 1766 2446 impossibile
1787 2389 1803 2438 3
1836 2360 1908 2426 ut
1925 2368 2029 2428 via

296 2477 572 2531 struatur
599 2469 808 2529 nescio
853 2469 953 2528 cui
994 2469 1348 2548 potentatui
1377 2470 1475 2528 vel
1517 2471 1764 2549 populo,
1800 2471 1904 2549 qui
1931 2471 2025 2529 in-

294 2573 608 2632 tellectum
641 2572 822 2631 simul
864 2571 1293 2650 incorruptum
1330 2577 1393 2630 et
1427 2572 1734 2650 loquelam
1773 2573 2026 2644 retinet;

297 2677 396 2737 cui
425 2675 608 2756 porro
640 2695 995 2754 supremum
1023 2674 1088 2732 in
1119 2673 1369 2754 Europa
1398 2675 1648 2735 tandem
1676 2683 2028 2737 reservatur

297 2779 653 2840 dominium.

380 2883 753 2961 Priusquam
801 2880 964 2940 hanc
1008 2878 1399 2959 perficiamus
1459 2880 1802 2952 materiam,
1862 2881 2032 2941 haud

300 2986 410 3045 abs
437 3005 505 3044 re
535 2983 652 3044 erit
679 2989 751 3042 ut
780 2982 859 3042 ad
888 3002 961 3042 ea
997 2988 1382 3042 revertamur
1425 3002 1561 3061 quae
1591 3003 1754 3041 anno
1801 2983 1961 3042 1602
1993 3004 2031 3044 a

302 3087 763 3150 Genevensibus
807 3091 946 3145 acta
974 3084 1400 3144 narravimus:
1448 3084 1667 3146 exinde
1696 3084 1860 3144 enim
1901 3105 2029 3146 non

299 3192 484 3252 modo
507 3191 704 3250 multa
733 3189 1056 3260 discemus,
1084 3188 1194 3248 sed
1223 3188 1400 3267 quasi
1417 3208 1494 3247 ex
1520 3188 1724 3248 Pharo
1745 3188 2026 3268 quadam,

300 3294 563 3353 multam
589 3294 792 3353 lucem
821 3293 900 3352 ad
929 3298 1154 3352 caetera
1191 3291 1610 3370 dignoscenda
1638 3292 2025 3372 accipiemus

304 3396 427 3456 Hic
456 3395 633 3475 quasi
672 3395 931 3456 limitem
972 3395 1268 3455 habemus
1311 3393 1475 3455 inter
1504 3395 1660 3454 duos
1699 3394 2030 3456 distinctos
