2236 3814
1087 233 1160 294 77

243 405 634 490 privilegium
682 400 1055 468 decernendi
1103 401 1178 460 de
1226 400 1402 459 Bello
1450 400 1549 460 vel
1592 400 1774 471 Pace,
1826 401 1994 481 quod

246 512 364 573 sibi
420 507 748 589 acquisivit
821 504 1166 566 Concilium
1208 502 1687 575 'Ministrorum,
1751 503 1995 564 sublata

246 614 620 677 auctoritate
653 610 941 691 Corporis
983 607 1272 688 Legiferi.
1363 607 1508 666 Non
1539 607 1801 687 amplius
1831 610 1993 667 vale-

245 722 407 781 bunt
451 717 731 779 Ministri
780 714 1048 796 patriam
1098 713 1275 773 bellis
1330 711 1605 771 externis
1654 711 1994 792 implicare,

250 831 440 904 atque
481 822 712 882 idcirco
756 818 1117 880 renuntiare
1165 817 1483 876 debebunt
1530 815 1803 876 consiliis
1847 815 1995 876 vici-

247 949 473 989 norum
539 925 1063 995 debellandorum,
1104 921 1502 1000 'ditionisque
1569 921 1994 980 extendendae.

249 1028 407 1092 Cum
449 1051 578 1090 non
621 1025 883 1110 amplius
927 1026 1247 1108 potuerint
1282 1025 1561 1085 Ministri
1603 1025 1887 1085 homines
1931 1025 1998 1084 in

247 1135 461 1218 praelio
505 1134 838 1205 trucidare,
871 1133 1064 1193 verba
1107 1131 1395 1202 minacia,
1444 1131 1574 1191 sive
1605 1131 1804 1210 primo
1835 1129 2000 1190 Novi

248 1240 422 1300 Anni
452 1239 551 1299 die
594 1239 859 1319 prolata,
895 1237 1023 1297 sive
1067 1237 1131 1294 in
1164 1234 1537 1316 apographis
1586 1235 1836 1314 scripta,
1872 1234 2001 1294 sive

248 1344 317 1404 in
366 1344 622 1404 monitis
676 1342 952 1412 secretiS,
1010 1341 1137 1401 sive
1187 1341 1254 1399 in
1308 1347 1346 1372 ‘⁶
1371 1339 1632 1420 privatis
1658 1338 1696 1363 '⁹
1753 1340 2001 1398 demum

253 1449 553 1529 epistoliS,
574 1448 810 1506 nullam
834 1446 959 1506 vim
988 1444 1348 1504 retinebunt
1380 1443 1544 1503 orbis
1574 1443 1997 1523 perturbandi.

252 1553 376 1613 Ars
409 1551 807 1633 diplomatica
836 1551 1100 1610 existere
1121 1550 1389 1609 desinet.-
1426 1620 1428 1623 Ι
1474 1547 1773 1608 Cessante
1793 1554 2002 1607 autem

252 1656 531 1738 periculo
563 1656 746 1716 simul
765 1662 828 1716 et
857 1655 1099 1725 timore,
1129 1674 1372 1713 summa
1390 1652 1668 1732 pecuniae
1687 1652 2004 1712 minuetur

256 1761 322 1821 in
352 1761 563 1841 copias
593 1759 891 1819 militares
923 1758 1358 1839 impendenda.

339 1859 755 1946 Quapropter,
788 1858 1151 1923 minuentur
1181 1862 1371 1922 etiam
1400 1860 1747 1941 vectigalia.

340 1964 564 2048 Legat-i
591 1973 1030 2048 permanenter
1060 1966 1227 2046 apud
1257 1972 1506 2025 exteros
1538 1966 1838 2044 degentes
1871 1986 2003 2026 sus-

256 2073 488 2155 picioni
518 2073 756 2132 dabunt
782 2073 990 2132 locum
1022 2077 1085 2130 et
1113 2070 1355 2129 terrori.

344 2177 570 2239 Omnia
592 2178 902 2237 diversam
920 2197 1031 2256 per
1051 2174 1217 2235 viam
1239 2174 1329 2234 ire
1348 2175 1611 2233 tendent
1634 2174 1711 2233 ab
1732 2172 1801 2234 ea
1821 2195 2007 2253 quam

257 2302 427 2342 nunc
458 2288 841 2361 sequuntur:
893 2301 1028 2340 sese
1061 2300 1275 2340 omnes
1318 2279 1668 2339 liberabunt
1701 2277 1932 2339 Gentes
1972 2301 2010 2339 a

257 2379 582 2467 tyrannico
613 2384 1049 2444 Ministrorum
1078 2382 1538 2454 moderamine3
1588 2404 1625 2442 a
1670 2382 2007 2442 foederibus

258 2489 466 2570 inepte
508 2511 650 2550 cum
694 2482 912 2549 alienis
960 2486 1266 2548 Gentibus
1312 2487 1638 2558 ineundis3
1688 2509 1724 2547 a
1768 2487 2007 2548 tributo

259 2594 426 2653 ultra
453 2593 618 2654 vires
664 2593 972 2674 augendO,
1007 2592 1294 2652 omnibus
1339 2613 1563 2672 nempe
1606 2592 2008 2652 facultatibus

263 2703 328 2758 et
354 2693 657 2758 illecebris
687 2697 1180 2778 gubernationis,

346 2799 436 2858 At
463 2819 590 2859 non
638 2799 684 2859 ii
735 2798 933 2860 solum
976 2797 1099 2860 hos
1124 2799 1383 2861 effectus
1416 2800 1689 2861 sentient
1721 2800 1826 2880 qui
1854 2800 2009 2880 pub-

261 2903 397 2965 licis
414 2903 681 2964 immixti
700 2910 846 2964 sunt
875 2904 1163 2984 negotiis,
1199 2905 1309 2965 sed
1336 2905 1502 2965 idem
1532 2904 1719 2965 etiam
1740 2904 2012 2965 sentient

267 3028 346 3068 ex
373 3004 716 3068 infidelium
743 3006 1037 3081 'numer0‚
1071 3015 1134 3070 et
1167 3010 1627 3080 seditiosorum,
1661 3009 2012 3088 quicunque

268 3117 417 3171 sunt
439 3109 769 3173 actuosi'et
797 3109 1077 3174 in'rebus
1108 3111 1409 3194 gerendis
1436 3100 1665 3193 periti(
1730 3111 1816 3171 Hi
1847 3111 2012 3171 simi-

266 3213 411 3274 liter
439 3215 784 3296 percipient
822 3217 1017 3278 ictum
1052 3237 1352 3296 magnum
1394 3215 1511 3275 sibi
1542 3214 1791 3294 suisque
1820 3235 2010 3294 nego-

269 3315 375 3376 tiis
403 3315 644 3377 illatum
671 3317 844 3379 fore.·
896 3320 974 3380 In
1007 3321 1255 3392 scelere,
1288 3320 1353 3379 in
1380 3318 1719 3379 infortunio
1742 3318 2012 3399 public0‚

273 3418 509 3482 scilicet
535 3421 602 3481 in
629 3421 792 3483 bello
829 3423 1365 3504 et'vectigalibus‚
1397 3423 1734 3483 infidelitas
1766 3422 2014 3483 seditio-
