2236 3814
1020 253 1099 315 27

202 416 462 478 extincti
532 416 779 490 milites,
839 417 1086 498 rogatio
1157 419 1374 480 volens
1438 428 1511 481 ut
1577 421 1644 481 in
1709 422 1944 484 factum

200 520 634 601 inquireretur,
677 521 846 583 omni
893 521 1093 583 caruit
1140 523 1401 595 effectu3
1450 529 1637 605 atque
1693 525 1941 602 iterum,

149 702 154 706 q
200 624 490 687 vindictae
560 627 995 688 tantummodo
1067 627 1270 701 causa,
1332 629 1409 689 de
1466 627 1788 690 invasione
1848 637 1946 692 est

201 729 626 792 deliberatum.

284 835 642 916 Antequam
687 836 806 896 hoc
857 837 1044 896 modo
1093 836 1262 896 omni
1304 836 1431 917 juri
1480 843 1619 896 tum
1669 837 1945 898 humano

202 945 338 999 tum
377 939 585 1000 divino
627 941 840 1022 aperte
883 948 980 1001 est
1008 941 1406 1014 valedictum,
1438 942 1541 1002 Via
1561 942 1695 1022 jam
1724 948 1947 1022 parata

202 1049 337 1103 erat
386 1045 467 1104 ad
517 1066 623 1106 eos
676 1046 782 1126 qui
827 1045 942 1106 hac
987 1047 1053 1105 in
1099 1054 1277 1126 parte
1338 1046 1614 1107 criminis
1672 1046 1822 1107 nota
1881 1067 1946 1107 se

201 1150 617 1210 maculassent
646 1171 683 1211 a
727 1150 948 1212 merita
989 1151 1174 1232 poena
1215 1151 1591 1211 liberandos
1682 1150 1947 1211 Pactum

203 1254 513 1333 quoddam
569 1255 795 1315 initum
852 1262 950 1316 est
995 1256 1237 1336 Anglos
1283 1256 1449 1316 inter
1496 1262 1559 1315 et
1606 1256 1941 1335 HispanoS,

204 1359 371 1439 quod
399 1360 600 1440 juxta,
635 1360 688 1420 si
718 1361 855 1441 quis
897 1362 1244 1442 alienigena
1275 1362 1562 1441 deinceps
1591 1362 1753 1421 bello
1785 1362 1948 1421 civili

203 1469 356 1523 tunc
403 1465 694 1524 aestuanti
745 1486 880 1525 sese
930 1466 1434 1537 intermiscuerit,
1470 1472 1533 1525 et
1583 1487 1620 1525 a
1662 1467 1945 1546 partibus

205 1567 480 1628 adversis
510 1575 730 1649 captus
761 1569 967 1642 fuerit,
1000 1591 1129 1632 non
1174 1574 1376 1650 capite
1417 1570 1785 1649 plectendus
1825 1570 1942 1641 sit3

205 1672 358 1731 dum
389 1693 423 1732 e
453 1682 675 1733 contra
700 1674 805 1753 qui
843 1675 933 1733 ita
963 1680 1130 1755 agat,
1165 1680 1229 1734 et
1258 1674 1462 1755 pirata
1491 1673 1706 1734 revera
1736 1680 1850 1745 est,
1885 1682 1948 1734 et

205 1797 319 1856 pro
358 1776 561 1857 pirata
595 1779 735 1858 jure
775 1779 1096 1839 habeatur.
1187 1780 1312 1839 Res
1365 1779 1627 1839 artificio
1678 1780 1947 1859 quodam

202 1887 456 1960 peracta
485 1888 599 1942 est.
689 1883 768 1942 In
796 1882 932 1964 ipsa
963 1883 1391 1947 Conventione
1420 1884 1591 1942 nulla
1622 1882 1699 1943 de
1740 1883 1944 1943 alieni-

205 1986 381 2065 genis
441 1987 514 2046 fit
570 1988 827 2049 mentio.
919 1988 1196 2068 Legatus
1247 1988 1601 2068 Anglorum
1651 2009 1779 2047 non
1830 1986 1948 2047 alia

205 2089 446 2150 ratione
489 2092 725 2151 moveri
762 2092 1011 2151 videtur
1053 2112 1239 2171 quam
1279 2097 1351 2149 ut
1386 2091 1763 2150 humanitati
1803 2112 1945 2151 con-

211 2193 469 2257 sulatur.
559 2194 679 2266 Ita,
711 2195 1119 2255 humanitatis
1153 2194 1318 2274 ergo,
1347 2194 1525 2274 quasi
1553 2194 1618 2252 in
1648 2195 1948 2255 honorem

206 2298 418 2378 magni
456 2299 664 2359 nescio
713 2300 886 2379 cujus
933 2299 1082 2361 idoli
1141 2299 1424 2369 crudelis,
1488 2299 1735 2378 utrique
1786 2300 1951 2379 parti

210 2403 525 2475 suadetur,
572 2410 644 2463 ut
703 2404 879 2464 finito
925 2405 1160 2484 praeliO,
1208 2405 1285 2468 ab
1344 2404 1698 2466 hominibus
1758 2404 1947 2465 inter-

204 2506 485 2567 ficiendis
518 2528 654 2568 sese
684 2508 1062 2569 abstineant.
1092 2508 1126 2544 κ

291 2611 370 2672 In
440 2612 602 2672 bello
674 2613 1067 2693 Affghanico,
1130 2634 1296 2673 novo
1370 2612 1586 2693 utique
1643 2612 1703 2671 in
1766 2614 1951 2673 rebus

206 2715 492 2779 humanis
565 2717 778 2777 ordine
837 2726 1073 2788 exorto,
1133 2719 1374 2776 nullum
1445 2718 1690 2778 sceleris
1751 2738 1948 2795 genus

210 2820 378 2899 quod
415 2841 543 2884 non
581 2822 909 2900 reperitur,
942 2823 1112 2881 nulla
1150 2843 1279 2881 non
1310 2821 1672 2881 comitantia
1703 2822 1947 2880 damna.

211 2922 690 3004 Expectandum
762 2925 907 2984 sane
979 2932 1114 2985 erat
1188 2926 1510 2985 obtentam
1573 2925 1691 2984 hoc
1764 2924 1949 2983 modo

207 3027 521 3087 licentiam
607 3049 916 3109 congruos
1003 3030 1260 3089 effectus
1348 3050 1494 3088 mox
1567 3028 1946 3094 sortituram.

211 3129 496 3210 Triginta
535 3132 756 3196 exinde
795 3133 942 3192 anni
972 3133 1102 3213 jam
1145 3139 1293 3192 sunt
1321 3131 1531 3210 elapsi.
1621 3131 1846 3190 Nullus
1879 3151 1951 3189 eo

210 3240 491 3316 tempore
533 3237 904 3317 praepollens
946 3237 1189 3303 exstitit
1233 3237 1547 3301 Bellator:
1595 3235 1767 3294 nulla
1808 3233 1951 3294 belli

277 3398 305 3424 ⁴*
339 3399 483 3447 Inter
521 3401 869 3450 conventiones
908 3403 1202 3451 auctoritate
1242 3399 1439 3464 publica
1462 3400 1544 3447 An
1550 3400 1660 3463 gliae
1701 3400 1952 3447 collective

210 3476 476 3541 evulgatam,
492 3477 584 3527 hoc
600 3484 812 3543 pactum,
834 3484 862 3508 “
881 3481 1037 3528 Elliot
1055 3477 1409 3539 Oonvention,''
1425 3478 1622 3526 omnino
1636 3477 1948 3526 desideratum
