2236 3814
1121 250 1199 309 50

280 430 462 492 omni
489 447 617 492 non
671 430 960 493 obstante
1023 431 1188 512 quod
1249 430 1315 490 in
1379 448 1523 490 suos
1586 449 1739 490 usus
1798 444 2015 508 suppe-

280 534 539 595 ditasset
602 534 797 608 Deus,
858 536 1023 616 quod
1093 535 1172 614 ad
1243 534 1677 606 exaltationem
1737 533 2017 594 Fortuna

281 638 641 699 addidisset.
750 687 753 689 .
866 687 879 690 --
1187 687 1190 688 ⁷

361 743 728 822 Ableganda
783 742 997 823 utique
1055 748 1152 802 est
1224 763 1350 803 vox·
1413 741 1518 801 illa
1580 740 1622 801 J
1624 740 1751 800 uris
1810 739 2014 799 Inter-

276 846 607 906 nationalis
631 869 643 905 z
686 867 798 926 per
825 847 1031 927 ipsum
1060 846 1288 906 etenim
1317 846 1809 905 additamentum
1838 850 2015 923 patet

282 970 465 1028 quam
503 949 584 1008 sit
624 950 861 1029 abjecta
898 950 1404 1029 desperandaque
1454 969 1664 1008 rerum
1711 947 2010 1008 conditi0.

282 1039 449 1112 Fons
509 1052 693 1132 hujus
771 1053 1140 1114 conditionis
1203 1053 1267 1112 in
1342 1051 1674 1133 propatulo
1740 1051 2012 1131 ponitur,

278 1156 425 1215 dum
471 1157 822 1218 intellectus
869 1158 1163 1217 vilescere
1215 1157 1601 1217 ostenditur:
1668 1154 2015 1215 reverentia

277 1260 585 1319 revelatur
634 1260 677 1319 J
679 1260 805 1320 uris
849 1266 913 1319 et
944 1258 1162 1339 AEqui,
1201 1278 1385 1339 quam
1435 1279 1626 1338 parva
1672 1258 1752 1317 sit
1771 1280 1787 1328 3
1849 1259 2014 1337 quod

279 1363 399 1422 nisi
452 1383 516 1423 se
572 1363 663 1423 ita
717 1364 991 1434 haberet,
1040 1382 1155 1422 nec
1210 1362 1351 1422 vilis
1409 1362 1586 1421 fieret
1639 1361 2010 1432 intellectus,

282 1487 397 1526 nec
427 1467 663 1546 abjecta
690 1487 899 1527 rerum
930 1467 1218 1526 conditio.
1307 1465 1611 1549 Praesidet
1640 1465 1851 1545 utique
1874 1465 1916 1525 J
1918 1485 2010 1536 us,

275 1578 498 1649 regnat
550 1570 687 1642 Jus,
738 1572 814 1630 de
861 1569 1030 1630 Coelo
1078 1570 1193 1630 Jus
1241 1569 1578 1629 descendit.
1667 1568 1781 1629 Jus
1830 1586 2014 1649 super

276 1674 483 1733 omnia
518 1674 766 1734 eminet.
855 1674 898 1734 J
900 1694 973 1734 us
1023 1674 1215 1753 igitur
1257 1673 1586 1733 Nationale
1634 1693 1748 1753 pro
1797 1679 2011 1733 sancto

275 1785 370 1837 est
400 1778 786 1838 habendum:
836 1785 902 1838 at
940 1777 1247 1858 particula
1298 1777 1401 1836 illa
1434 1784 1471 1808 ‘⁶
1494 1775 1736 1847 Inter,''
1766 1797 2011 1836 omnem

274 1881 492 1941 exinde
531 1882 696 1941 tollit
744 1882 1156 1941 sanctitatem.
1248 1879 1315 1942 Si
1346 1880 1481 1960 quis
1526 1880 1687 1939 hanc
1730 1879 2007 1959 phrasim

274 1985 530 2064 Anglice
573 1986 847 2066 proferre
890 1985 1176 2056 voluerit,
1210 2005 1346 2044 eam
1388 1990 1525 2043 tum
1578 2003 1765 2043 sensu
1804 2003 2011 2044 carere

274 2096 699 2168 cognosceret,
754 2096 889 2149 tum
940 2089 1299 2169 despectum
1350 2088 1499 2167 quid
1555 2104 1683 2167 prae
1731 2107 1796 2147 se
1853 2085 2010 2147 ferre

275 2192 551 2252 sentiret.

357 2294 399 2355 J
401 2316 473 2355 us
512 2295 804 2356 Gentium
841 2294 1135 2355 definitur
1181 2295 1370 2355 etiam
1412 2292 1454 2353 J
1456 2313 1528 2353 us
1574 2292 1852 2365 Naturae,
1894 2292 2010 2354 Jus

274 2397 494 2457 deinde
537 2398 849 2457 Divinum.
953 2398 1218 2477 Propter
1261 2397 1593 2456 essentiam
1638 2416 1812 2455 suam
1854 2397 2009 2457 bene

270 2505 480 2580 potest
524 2522 561 2559 a
589 2499 831 2559 Natura
872 2520 1101 2558 nomen
1145 2499 1486 2568 desumere,
1532 2498 1630 2558 vel
1672 2519 1709 2557 a
1751 2498 1924 2570 De03
1972 2521 2010 2560 a

274 2602 579 2664 Gentibus
611 2603 834 2674 etiam3
869 2602 1091 2681 quippe
1117 2602 1284 2682 quod
1314 2621 1528 2662 omnes
1558 2608 1739 2681 regat
1771 2601 2006 2663 Gentes

273 2714 336 2767 et
366 2707 441 2766 ab
473 2706 757 2766 omnibus
781 2711 1152 2785 acceptetur.
1215 2704 1387 2765 Nihil
1403 2705 1617 2784 utique
1637 2705 1803 2765 aliud
1822 2712 1917 2766 est
1935 2727 2008 2767 ac

270 2815 579 2889 praecepta
597 2809 890 2888 Decalogi
908 2807 1470 2868 Communitatibus
1494 2807 1800 2887 applicata
1821 2829 1834 2868 τ
1870 2828 2006 2888 quae

273 2911 376 2992 qui
415 2912 748 2972 servaverit
793 2912 1077 2991 populus,
1111 2911 1297 2971 fidem
1344 2911 1634 2982 servabit,
1683 2911 2002 2985 honorem,

268 3016 643 3087 libertatem,
691 3014 1165 3085 auctoritatem;
1218 3013 1406 3074 immo
1445 3014 1511 3072 in
1553 3020 1855 3074 aeternum
1894 3015 2005 3074 du-

269 3119 451 3190 rabit,
496 3118 678 3178 modo
725 3123 931 3178 cetera
974 3138 1103 3177 non
1155 3116 1360 3177 desint
1411 3118 1775 3178 necessaria.
1885 3117 2006 3194 Qui

269 3221 415 3282 vero
453 3222 720 3302 populus
767 3220 898 3281 sine
932 3218 1104 3301 justa
1143 3218 1327 3280 causa
1360 3220 1622 3280 alterum
1661 3228 2002 3302 oppugnat,

263 3322 393 3402 jam
435 3322 706 3403 perdidit
746 3322 1162 3385 innocentiam
1206 3328 1271 3383 et
1308 3321 1625 3396 honorem,
1655 3323 2004 3386 libertatem

274 3424 470 3496 simul.
494 3431 559 3486 et
599 3425 844 3506 fidem:
929 3446 1044 3487 nec
1103 3445 1265 3486 unus
1322 3425 1568 3506 quidem
1613 3425 1765 3487 inibi
1819 3426 2006 3501 Civis,
