2236 3814
1078 217 1155 276 87

249 384 467 444 ciendo
490 383 876 463 Religionem
907 382 975 442 eo
1007 381 1370 442 devenerint
1398 387 1472 440 ut
1497 380 1702 441 servili
1725 380 1993 460 quodam

246 490 432 549 modo
480 510 543 549 se
589 470 989 560 submittant,
1035 486 1124 546 illi
1165 507 1294 546 non
1338 485 1543 545 minus
1591 485 1896 546 serviliter
1929 506 1994 545 se

249 593 577 673 gesserint,
603 593 750 654 licet
778 592 939 652 ritus
970 597 1261 652 externos
1287 589 1631 669 Religionis
1663 590 1996 649 observent

250 704 316 759 et
347 697 627 779 Symboli
655 697 958 758 Articulis
991 696 1369 756 adhaereant.

333 803 506 863 Nihil
536 825 572 863 a
599 803 780 863 nobis
806 802 1069 882 amplius
1094 800 1383 860 omnibus
1413 798 1786 879 proponitur
1811 819 1996 877 quam

254 907 418 986 quod
467 927 680 967 omnes
730 906 847 966 sibi
904 927 1014 986 per
1073 905 1309 984 seipsos
1368 902 1795 983 praestandum
1841 901 1997 961 100110

249 1010 663 1081 crediderint3
738 1010 943 1070 media
1002 1008 1395 1088 suggerimus
1453 1028 1533 1066 ne
1594 1006 1732 1086 quis
1782 1007 1994 1077 verbe,

247 1113 434 1187 factO,
465 1116 563 1175 vel
595 1114 993 1194 cogitatione,
1015 1119 1250 1194 peccet.
1312 1113 1414 1171 Ab
1443 1112 1563 1171 hoc
1595 1111 1791 1170 officio
1814 1131 1993 1171 vaca-

251 1219 404 1279 bant
447 1220 595 1280 olim
641 1219 886 1299 singuli,
921 1219 1070 1278 dum
1100 1237 1489 1296 unaquaeque
1522 1213 1691 1275 Gens
1724 1214 1842 1275 sibi
1883 1214 1998 1274 soli

250 1331 315 1384 et
360 1325 427 1383 in
479 1323 681 1405 seipsa
729 1324 1190 1394 continebatur,
1239 1329 1303 1382 et
1349 1321 1698 1381 simultates
1750 1320 1998 1379 tantum

252 1430 334 1490 ad
364 1429 835 1509 generationum
864 1427 1192 1488 intervalla
1222 1427 1427 1486 locum
1459 1425 1843 1484 obtinebant.
1910 1424 2000 1482 At

251 1533 434 1614 longe
482 1534 659 1593 aliter
701 1553 802 1593 res
846 1552 910 1592 se
956 1532 1146 1591 habet
1184 1529 1292 1590 ubi
1341 1528 1751 1590 diversimode
1792 1527 2000 1588 omnia

255 1645 404 1699 sunt
463 1638 827 1708 constituta,
880 1637 1321 1715 hominumque
1382 1633 1707 1694 sententiae
1764 1633 2001 1712 jugiter

253 1742 603 1803 formantur
654 1749 718 1802 et
766 1741 1123 1802 efferuntur.
1216 1739 1335 1799 Hae
1390 1738 1714 1798 sententiae
1764 1737 1886 1797 nisi
1935 1737 2001 1795 in

254 1868 402 1909 vero
474 1848 840 1919 fundantur,
909 1847 1079 1906 falsae
1143 1845 1269 1906 sint
1336 1850 1621 1924 oportet:
1686 1863 1801 1903 1100
1867 1842 2002 1902 fieri

256 1934 482 2033 potest*
511 1959 584 2012 ut
637 1953 763 2013 sint
812 1973 996 2024 verae,
1042 1951 1165 2011 nisi
1204 1949 1374 2010 omni
1417 1949 1659 2008 ratione
1706 1948 1998 2019 adhibita,

258 2078 395 2136 quae
466 2056 820 2117 necessaria
883 2057 965 2116 sit
1030 2056 1109 2115 ad
1171 2075 1444 2115 errorem
1525 2053 1999 2132 depellendum3

259 2161 492 2241 Legem
521 2183 745 2242 nempe
776 2161 1208 2242 cognoscendo
1242 2159 1342 2219 cui
1375 2157 1718 2218 identidem
1750 2178 1786 2216 a
1820 2155 2001 2216 nobis

255 2267 336 2326 sit
381 2267 967 2347 obtemperandum,
1033 2274 1096 2325 et
1163 2285 1375 2324 rerum
1440 2268 1763 2342 gestarum
1806 2261 2002 2321 histo-

255 2371 414 2450 riam
446 2372 666 2451 quibus
697 2371 830 2430 Lex
861 2371 942 2431 sit
979 2368 1367 2450 applicanda.

340 2476 432 2537 Ut
484 2482 695 2536 autem
744 2475 889 2536 huic
939 2475 1148 2535 studio
1191 2493 1445 2554 operam
1494 2470 1632 2551 quis
1676 2490 1852 2530 suam
1891 2469 2003 2527 im-

257 2582 527 2662 pendere
576 2581 854 2661 incipiat,
900 2600 1271 2661 persuasum
1314 2578 1543 2637 habere
1588 2576 1772 2636 debet
1802 2573 2006 2633 minus

261 2686 379 2746 sibi
406 2686 763 2746 incumbere
784 2685 1019 2765 judicio
1058 2705 1171 2744 suo
1211 2704 1340 2743 non
1370 2701 1618 2751 errare3
1668 2699 1896 2758 eosque
1929 2699 2006 2737 ex

262 2791 391 2852 suis
423 2790 658 2850 civibus
693 2789 1085 2870 summopere
1129 2809 1337 2849 errare
1385 2786 1491 2866 qui
1544 2785 1759 2845 dicunt
1788 2784 2004 2842 huma-

258 2917 411 2955 num
462 2916 598 2956 esse
646 2915 870 2966 errare,
923 2914 1039 2954 nec
1092 2912 1435 2973 quosquam
1494 2895 1812 2970 compotes
1871 2907 2007 2947 esse

257 3001 586 3063 veritatem
643 2999 1095 3081 perspiciendi3
1163 2997 1270 3078 qui
1339 2996 1572 3057 scilicet
1645 3013 1816 3053 error
1861 2992 2007 3050 inde

262 3105 564 3186 originem
596 3104 768 3166 ducit
798 3104 966 3184 quod
1000 3124 1129 3163 non
1173 3099 1530 3162 curaverint
1561 3118 1632 3156 ea
1659 3095 2007 3174 intelligere

262 3211 338 3270 de
383 3210 606 3290 quibus
653 3209 734 3270 sit
780 3208 1230 3268 disserendum.
1322 3202 1474 3277 Quae
1523 3222 1666 3261 cum
1722 3199 1814 3258 ita
1858 3198 2004 3270 sint,

263 3291 532 3374 multum
578 3314 831 3393 adjuvat
875 3312 1158 3374 doctrina
1207 3307 1501 3368 Ecclesiae
1555 3303 1885 3365 Catholicae
1930 3304 2007 3363 de

265 3417 735 3479 Infallibilitate.
825 3417 993 3477 Huic
1036 3415 1255 3476 saltem
1285 3410 1580 3473 Ecclesiae
1621 3408 1791 3470 omni
1827 3407 2008 3468 haesi-
