2236 3814
1137 254 1213 321 55

283 423 578 512 probasse
626 426 892 500 videtur,
947 423 1331 507 quaecunque
1376 427 1830 507 reprehendere
1874 428 2026 490 omi-

285 534 437 596 serit
465 535 564 596 vel
594 534 907 594 damnare.

366 639 667 700 Attamen
715 644 789 697 ut
836 637 912 696 de
960 634 1295 697 sceleribus
1337 634 1605 715 politicis
1652 637 2026 697 sententiam

284 743 444 804 ferat
485 742 846 803 Auctoritas
899 739 1232 821 Religiosa,
1266 761 1396 800 non
1443 746 1539 800 est
1583 760 1695 800 cur
1737 740 2026 821 exigatur

285 848 531 930 publica
550 847 807 927 hujusce
827 846 869 906 J
872 846 1000 905 uris
1030 844 1391 925 postulatio.
1469 841 1844 918 Quinimmo,
1880 846 2022 905 sim-

283 952 429 1033 plici
459 951 721 1032 quadam
749 950 991 1010 ratione
1020 948 1284 1030 proponi
1311 968 1413 1009 res
1443 954 1674 1026 potest,
1705 956 1778 1008 ut
1796 950 2025 1011 veritas

283 1077 394 1136 per
423 1076 489 1118 se
517 1062 748 1136 pateat.
836 1054 1000 1114 Fieri
1044 1054 1291 1134 quidem
1334 1060 1544 1134 potest
1588 1060 1660 1113 ut
1693 1055 1862 1115 nullo
1884 1056 2027 1135 jure

284 1162 362 1222 ab
392 1159 670 1221 Ecclesia
697 1156 1044 1239 Anglioana
1063 1158 1162 1218 vel
1192 1156 1528 1218 Borussica
1557 1157 1844 1238 exigatur
1872 1160 2025 1239 pub-

282 1265 402 1326 lica
431 1265 740 1326 sententia
770 1265 846 1324 de
889 1265 1050 1324 bello
1095 1265 1171 1323 ab
1219 1263 1316 1323 his
1348 1263 1678 1324 Guberniis
1711 1272 2021 1346 susceptO,

285 1368 495 1430 utrum
562 1370 644 1429 sit
712 1368 987 1428 licitum:
1064 1368 1254 1427 nihilo
1326 1367 1531 1428 minus
1603 1388 1732 1428 non
1801 1370 2025 1430 idcirco

287 1473 583 1534 Romanas
640 1472 933 1533 Ecclesiae
1003 1493 1161 1531 onus
1218 1472 1402 1550 hujus
1463 1472 1646 1532 officii
1717 1474 2025 1553 deponere

283 1577 492 1639 licebit
518 1599 535 1648 ;
598 1577 824 1656 quippe
855 1595 991 1655 quae
1026 1597 1139 1656 pro
1186 1574 1502 1636 Catholica
1532 1597 1642 1636 seu
1671 1576 2026 1638 Universali

287 1702 353 1742 se
396 1687 621 1761 gestet,
655 1690 840 1760 atque
886 1679 1038 1740 adeo
1084 1679 1368 1740 fidelibus
1417 1701 1493 1739 ex
1541 1679 1804 1760 utraque
1846 1689 2026 1762 parte

284 1784 694 1844 militantibus
737 1784 1047 1863 imperet3
1112 1789 1175 1842 et
1223 1803 1413 1862 quum
1462 1783 1710 1862 justitia
1758 1791 2026 1864 nequeat

283 1889 528 1967 utrique
551 1887 768 1947 adesse
797 1886 980 1966 parti,
1005 1886 1220 1966 nequit
1250 1886 1527 1946 Ecclesia
1549 1886 1850 1960 Romana,
1878 1890 2026 1948 dum

287 1991 484 2061 sileat,
518 1989 732 2050 sceleri
760 2010 887 2047 non
917 1989 1314 2068 patrocinari.

369 2093 560 2153 Hisce
602 2093 726 2152 fere
754 2092 960 2152 verbis
994 2112 1126 2151 rem
1171 2100 1360 2172 prout
1405 2100 1521 2164 est,
1555 2094 1860 2174 exposuit,
1894 2097 2024 2155 An-

284 2197 465 2258 tistes
493 2197 594 2255 ille
625 2195 933 2276 egregius,
967 2196 1316 2276 Episcopus
1346 2196 1826 2277 Moguntiensis.

372 2307 410 2333 ‘⁶
433 2300 510 2359 In
542 2299 779 2360 saeculis
798 2298 969 2359 hisce
991 2300 1385 2380 nuperrimis,
1419 2307 1827 2381 posteaquam
1850 2324 2024 2363 man-

286 2404 448 2465 datis
492 2403 608 2463 Dei
650 2403 769 2462 fuit
796 2403 1190 2475 valedictum‚
1222 2403 1486 2464 formula
1526 2406 1828 2484 quaedam,
1860 2406 2027 2468 iners

286 2508 553 2578 omnino,
586 2507 650 2566 in
680 2527 893 2567 eorum
935 2507 1142 2567 locum
1185 2507 1303 2567 fuit
1342 2508 1699 2588 subrogata,
1734 2530 1869 2589 quae
1900 2532 2026 2571 non

286 2611 532 2672 aliunde
583 2611 851 2671 deducta
905 2611 1153 2672 videtur
1212 2633 1398 2691 quam
1450 2633 1527 2672 ex
1578 2613 1811 2673 statera
1867 2636 2025 2675 mer-

287 2713 521 2776 catoria.
525 2760 985 2774 ........
1033 2714 1224 2775 Haud
1293 2737 1577 2796 parvum,
1625 2717 1777 2776 mihi
1821 2721 2022 2791 crede,

285 2817 628 2900 periculum
694 2817 968 2898 injicitur
1039 2817 1194 2879 Orbi
1267 2840 1344 2878 ex
1417 2821 1808 2900 separatione
1885 2823 2024 2896 ista,

286 2921 406 3003 qu&
488 2921 530 2981 J
532 2941 644 2980 ura
752 2919 1047 2981 Gentium
1147 2942 1183 2981 a
1284 2921 1452 3002 Lege
1553 2922 1671 2983 Dei
1766 2926 2024 2985 seorsim

286 3031 655 3097 sumuntur3
703 3045 779 3084 ex
821 3025 977 3086 falso
1021 3025 1145 3085 isto
1191 3026 1518 3106 principio,
1561 3033 1633 3085 ut
1666 3027 1732 3085 in
1763 3027 2024 3088 Politica

288 3127 556 3189 Scientifi,
583 3129 659 3189 de
688 3128 810 3189 fine
854 3130 1253 3209 capessendO,
1293 3130 1489 3209 deque
1527 3130 1873 3189 rationibus
1915 3131 2021 3190 ad-

286 3230 590 3303 hibendis,
639 3231 758 3292 alia
819 3252 1076 3312 prorsus
1115 3231 1335 3293 norma
1375 3231 1644 3312 judicari
1685 3233 1908 3293 debeat
1951 3256 2023 3295 ac

287 3333 364 3393 de
385 3333 643 3412 justitiae
660 3355 1024 3416 morumque
1042 3335 1314 3415 vulgatis
1335 3334 1796 3415 quaestionibus.
1867 3336 2023 3397 Inde

283 3435 511 3498 bellum
569 3442 941 3517 perpetuum
993 3440 1094 3500 vel
1153 3437 1462 3519 simplices
1514 3436 1800 3511 induciae,
1862 3440 2022 3500 Belli

286 3535 517 3598 Univer
526 3537 670 3598 salis
701 3539 971 3600 exordia.
