2236 3814
1121 221 1240 283 107

305 392 479 453 Juris
537 392 825 454 cautione
883 389 1187 470 neglecta,
1249 390 1399 449 dum
1471 389 1639 448 aliud
1707 385 2052 448 Concilium

310 495 641 568 Secretius,
681 494 959 576 (Gabinet
989 492 1259 573 Oounoil)
1296 493 1464 572 quod
1483 493 1815 572 appellant,
1838 491 2055 551 furtim

308 601 426 660 fuit
458 603 887 681 subrogatum,
924 600 1076 659 ordo
1109 598 1379 669 evanuit,
1414 603 1476 657 et
1497 597 1660 657 bella
1690 596 1822 656 sine
1851 594 2053 666 causa,

311 705 443 765 sine
463 704 726 785 justitia,
759 706 964 765 locum
994 703 1437 772 obtinuerunt.-

279 838 287 846 ’
394 809 562 868 Η1116
591 809 726 868 fieri
753 814 963 889 potest
991 813 1065 866 ut
1107 807 1337 867 bellum
1367 806 1680 885 quoddam
1707 802 2056 884 legitimum

312 912 415 984 sit,
429 913 674 992 justum
694 920 756 973 et
773 912 1212 983 necessarium,
1227 911 1394 990 quod
1413 911 1494 970 ad
1515 910 1763 970 hostem
1785 911 2030 988 spectat
2037 927 2054 977 3

309 1017 597 1096 idemque
629 1017 1051 1088 criminosum,
1077 1016 1282 1095 quoad
1312 1018 1476 1076 cives
1512 1023 1574 1075 et
1603 1014 1950 1074 Ministros.

395 1120 564 1180 Dum
591 1120 785 1200 igitur
830 1120 1046 1180 studet
1087 1119 1377 1179 Pontifex
1419 1119 1673 1199 negotia
1713 1118 1792 1176 ad
1823 1120 2058 1176 certam

312 1226 643 1306 quamdam
688 1225 984 1286 reducere
1033 1246 1338 1297 normam,
1384 1225 1519 1284 haec
1565 1222 2058 1283 animadvertere

314 1330 539 1401 debet3
588 1336 652 1389 et
688 1331 770 1390 ad
817 1330 1005 1390 hasce
1053 1329 1254 1410 Leges
1298 1328 1744 1389 restaurandas
1780 1325 2056 1405 obligare

316 1434 551 1496 Gentes
581 1435 739 1506 illas,
771 1435 936 1494 inter
966 1456 1120 1514 quas
1150 1434 1572 1495 inveniuntur.

399 1539 538 1600 Hac
590 1539 643 1599 si
688 1545 905 1619 ageret
948 1540 1210 1611 ratione,
1244 1540 1383 1620 plus
1423 1538 1753 1619 pro-ficeret
1782 1536 1947 1595 PAPA
1977 1534 2058 1594 ad

314 1644 621 1704 malorum
650 1643 1137 1724 impeditionem,
1173 1644 1340 1724 quod
1379 1644 1459 1703 ad
1487 1642 1781 1722 Angliam
1811 1640 2056 1710 attinet,

319 1746 506 1828 quam
537 1748 587 1809 si
616 1749 816 1828 magis
848 1748 1078 1809 directe
1110 1770 1294 1829 agere
1325 1754 1675 1809 conaretur.

401 1853 538 1914 Hac
567 1855 753 1934 porro
806 1854 1226 1934 suggestione,
1272 1860 1345 1912 ut
1390 1853 1555 1914 cives
1588 1852 1865 1913 omnium
1898 1849 2062 1911 Gen-

317 1957 478 2017 tium
506 1958 781 2038 Legibus
814 1965 877 2018 et
904 1958 1299 2018 libertatibus
1333 1958 1459 2018 suis
1490 1963 1753 2017 utantur
1797 1956 1878 2015 ad
1905 1961 2061 2029 tem-

317 2062 628 2142 perandos
671 2062 867 2142 ipsius
927 2060 1234 2141 Principis
1293 2061 1639 2133 Ministros,
1688 2067 1751 2120 et
1793 2067 1884 2132 ut,
1931 2060 2066 2120 haec

319 2166 582 2246 agendo,
617 2166 804 2226 finem
832 2166 1163 2246 imponant
1201 2165 1460 2245 injuriis,
1499 2166 1706 2246 ipsum
1734 2164 1944 2225 PAPAM
1973 2165 2065 2223 in-

319 2270 630 2331 tervenire
653 2271 1058 2351 poscentibus
1086 2269 1304 2332 1—hac
1325 2270 1726 2351 suggestione
1744 2277 1880 2330 tum
1902 2271 2068 2331 viam

320 2373 659 2434 faciliorem
708 2374 1013 2435 indicabit
1063 2375 1370 2435 PONTIFEX
1421 2374 1502 2434 ad
1546 2380 1832 2455 optatum
1879 2374 2068 2434 finem

322 2478 751 2551 obtinendum,
784 2485 922 2539 tum
952 2480 1050 2540 vel
1072 2479 1338 2539 maxime
1369 2480 1610 2540 cavebit
1641 2485 1859 2539 contra
1886 2479 2064 2539 haesi-

235 2664 238 2667 ·
321 2582 606 2654 tantiam,
667 2582 1170 2663 repugnantiam,
1235 2589 1299 2643 et
1356 2583 1865 2664 vituperationeS,
1933 2604 2069 2664 quae

322 2686 586 2747 forsitan
609 2707 686 2746 ex
709 2687 839 2766 ejus
863 2687 1090 2767 agendi
1110 2687 1354 2748 ratione
1374 2693 1521 2747 sunt
1540 2694 1864 2748 secuturae.
1927 2688 2071 2749 Hoc

325 2790 546 2852 saltem
585 2790 871 2851 omnibus
915 2790 1316 2850 manifestum
1360 2790 1564 2863 faciet,
1619 2791 1962 2871 Imperium
2005 2812 2072 2852 se

322 2893 493 2954 haud
523 2895 978 2974 concupiscere,
1014 2894 1215 2955 scelus
1247 2900 1456 2954 autem
1487 2894 1804 2954 detestari.

368 3079 371 3082 ι
409 2998 789 3078 Diplomatia
826 2999 957 3078 jam
988 2998 1195 3059 Roma
1228 3019 1358 3059 non
1410 3005 1599 3070 caret,
1632 3020 1748 3059 nec
1803 2996 2077 3079 Collegio

325 3101 780 3182 Diplomatico;
828 3124 956 3163 non
987 3109 1084 3163 est
1123 3102 1318 3183 igitur
1366 3123 1476 3163 cur
1507 3102 1644 3182 quis
1675 3102 1943 3182 objiciat,
1975 3103 2077 3164 vel

325 3205 564 3266 timeat.
655 3206 735 3266 In
776 3206 894 3267 hoc
940 3207 1188 3287 quidem
1236 3205 1510 3286 Collegio
1543 3207 1620 3265 de
1667 3204 2075 3282 Concordatis

246 3321 249 3323 “
328 3309 558 3390 agitur,
591 3316 656 3371 et
685 3311 762 3371 de
790 3312 976 3372 rebus
1007 3311 1353 3392 religiosis3
1393 3332 1520 3371 non
1552 3311 1627 3372 de
1657 3310 1992 3372 foederibus
2017 3318 2080 3372 et

328 3414 513 3476 rebus
566 3416 981 3478 saecularibus,
1073 3416 1285 3480 Nihilo
1335 3414 1540 3478 minus
1599 3416 1811 3479 existit
1859 3416 2078 3478 funda-
