2236 3814
1073 249 1150 306 81

226 411 646 491 intelligerent
710 411 995 472 homines
1068 433 1189 492 quo
1261 434 1480 494 reapse
1552 416 1768 474 tendat
1837 413 1973 474 haec

231 517 458 597 agendi
513 516 712 588 ratio;
791 517 844 577 si
915 518 1326 577 exardescens
1392 519 1716 578 hominum
1772 513 1973 599 indigss

228 621 400 681 natio
446 621 512 680 in
563 643 699 682 eam
759 642 824 682 se
884 621 1180 701 dirigeret
1203 644 1218 693 ;
1288 628 1439 681 tunc
1496 623 1711 702 utique
1759 623 1976 682 omnes

230 724 673 786 inveherentur
729 725 794 784 in
852 725 1009 786 istos
1057 725 1162 805 qui
1214 746 1356 786 cum
1416 726 1643 806 quiete,
1688 725 1977 805 omnique

232 829 507 909 periculo
581 837 840 902 semot0‚
903 852 979 890 ex
1051 831 1442 891 conclavium
1517 838 1756 891 secreto
1829 830 1979 891 talia

234 935 634 995 mandassent
662 936 973 1007 facinora,
1020 956 1268 1015 unaque
1314 936 1593 996 omnium
1621 957 1745 997 vox
1776 956 1977 995 erum-

233 1047 427 1120 peret,
513 1047 551 1072 “
582 1041 808 1101 Adhuc
889 1042 1061 1101 locus
1167 1042 1352 1100 datur
1447 1041 1980 1100 criminationibus

236 1145 568 1224 politiciS.''
659 1144 814 1206 Haec
860 1146 1122 1226 proinde
1196 1146 1405 1206 omnia
1475 1147 1631 1206 bene
1705 1146 1984 1206 sentiunt

209 1239 599 1330 hujusmodi
653 1251 771 1312 viri
830 1258 892 1311 et
934 1250 1318 1330 intelligunt,
1389 1251 1532 1331 quia
1592 1259 1674 1322 et,
1737 1250 1979 1310 occulto

236 1355 448 1415 nescio
509 1377 630 1436 quo
705 1356 877 1416 ducti
947 1355 1272 1426 instinctU,
1330 1375 1507 1414 suam
1582 1376 1832 1415 causam
1884 1353 1986 1433 agi

239 1460 503 1519 credunt
562 1460 802 1540 quoties
862 1460 1100 1519 oriatur
1174 1480 1376 1519 sermo
1436 1459 1513 1518 de
1571 1459 1844 1538 Legibus
1906 1459 1986 1518 ad.

237 1563 493 1643 negotia
547 1565 800 1644 politica
872 1564 1275 1645 applicandis.
1368 1563 1599 1624 Omnes
1661 1564 1764 1643 qui
1821 1564 1983 1622 hanc

243 1669 361 1728 sibi
417 1670 744 1730 materiam
815 1669 1212 1729 tractandam
1287 1668 1656 1747 suscipiunt,
1716 1665 1987 1727 maxima

238 1797 381 1837 cum
412 1777 558 1836 cura
591 1777 939 1858 ponderare
985 1778 1213 1836 debent
1262 1783 1325 1836 et
1375 1777 1742 1855 intelligere,
1777 1777 1985 1836 obsta-

240 1882 522 1942 culorum
578 1882 705 1942 vim
765 1902 902 1961 quae
964 1882 1082 1941 sibi
1141 1888 1558 1962 opponentur,
1615 1901 1800 1960 quam
1844 1901 1985 1960 pro-

238 1986 427 2046 funde
459 1987 580 2046 sita
611 1987 755 2058 sint,
790 1998 1097 2066 quamque
1125 1987 1365 2047 valida:
1414 2007 1659 2046 necnon
1687 1986 1983 2055 rationeS,

243 2090 447 2151 varias
484 2090 733 2170 quidem
764 2097 828 2150 et
871 2091 1198 2171 pollentes,
1244 2111 1380 2170 quae
1413 2091 1492 2150 ad
1538 2111 1637 2150 res
1677 2095 1814 2149 tum
1849 2111 1986 2170 per-

244 2196 588 2255 turbandas
619 2202 757 2254 tum
789 2196 1277 2276 corrumpendas
1318 2196 1602 2267 invectae,
1640 2195 1756 2255 sibi
1807 2201 1992 2255 erunt

240 2300 702 2360 sustentandae:
752 2320 888 2380 quae
919 2300 1126 2360 omnia
1169 2322 1312 2360 eum
1357 2301 1661 2359 duntaxat
1690 2300 1768 2359 ob
1800 2300 1989 2359 finem

240 2404 498 2464 inducta
540 2403 861 2476 videbunt,
906 2411 980 2463 ut
1032 2426 1166 2484 quae
1213 2412 1423 2485 agant,
1457 2405 1683 2465 effectu
1714 2410 1986 2475 careant,

242 2509 344 2569 vel
370 2530 502 2569 non
531 2507 795 2590 amplius
827 2529 1236 2589 progressum
1267 2509 1607 2569 obtineant.

320 2612 502 2688 Quod
574 2613 627 2674 si
701 2614 868 2674 hunc
954 2615 1231 2674 laborem
1313 2615 1599 2674 Romana
1685 2613 1984 2694 suscipiat

242 2715 538 2790 Ecclesia,
606 2717 744 2797 ipsa
814 2718 1030 2798 utique
1102 2719 1281 2798 plura
1349 2719 1625 2779 inveniet
1684 2739 1819 2797 quae
1875 2738 1987 2777 suo

243 2828 642 2902 opponantur
713 2822 991 2894 consilio,
1053 2828 1119 2882 at
1189 2824 1425 2903 majora
1490 2822 1679 2882 eti-am
1737 2843 1814 2881 ex
1869 2822 1989 2882 hoc

242 2932 471 2986 conatu
507 2926 878 3007 provenient
926 2927 1094 2987 bona
1113 2950 1129 2999 3
1179 2926 1702 3007 quemadmodum
1761 2947 1794 2986 e
1842 2946 1984 2986 con-

243 3030 439 3091 trario
471 3026 716 3091 eveniet
761 3031 815 3092 si
856 3031 923 3091 id.
965 3032 1241 3092 muneris
1286 3051 1671 3111 quaecunque
1701 3030 1820 3089 alia
1847 3049 1988 3109 pro-

247 3141 544 3214 sequatur
571 3136 872 3197 Ecclesia.
962 3137 1087 3197 Fac
1132 3137 1296 3196 enim
1333 3135 1615 3196 Ecclesia
1643 3134 1990 3214 Anglicana

245 3230 448 3317 Leges
517 3241 912 3301 restaurandi
971 3241 1240 3302 officium
1315 3239 1433 3301 sibi
1491 3244 1810 3298 assumat:
1871 3239 1991 3299 hoc

245 3341 418 3402 omni
446 3342 671 3404 effectu
713 3345 881 3406 ultra
929 3345 1113 3426 hujus
1166 3343 1459 3405 Ecclesiae
1510 3342 1737 3402 limites
1783 3348 1992 3402 careat

243 3466 499 3507 necesse
558 3454 671 3508 est.
791 3449 930 3511 Hoc
989 3449 1245 3510 consilio
1320 3447 1437 3508 sibi
1506 3447 1852 3527 proposito,
1914 3447 1991 3506 de

1105 3572 1139 3612 L
