2236 3814
1039 262 1117 324 67

212 429 359 493 11ον1
387 429 622 492 ordinis
650 429 1120 512 promulgatori,
1146 429 1422 490 omnium
1450 430 1860 493 reverentiam
1890 437 1953 493 et

210 534 500 595 fiduciam
529 533 936 595 conciliasset.

301 637 559 714 Quoties
590 659 731 700 cum
755 636 1031 698 scelestis
1063 642 1158 698 est
1189 636 1521 717 agendum,
1544 637 1743 697 omnis
1772 637 1954 698 liber-

228 747 327 802 tas
373 741 639 803 tollitur:
701 742 947 814 etenim,
998 741 1103 822 qui
1151 762 1280 801 non
1307 740 1704 821 persequitur
1734 741 1954 813 scelus,

211 844 332 906 hoc
375 851 678 926 acceptat.
768 844 888 920 Qui
931 846 1163 906 scelera
1193 865 1574 924 quaecunque
1621 845 1954 916 condonat,

215 948 348 1030 ipse
380 970 446 1012 se
476 951 808 1011 scelestum
835 951 1091 1030 praebet.
1182 948 1383 1024 Quod,
1419 948 1558 1010 cum
1589 950 1665 1009 de
1694 948 1955 1029 privatis

219 1052 303 1114 sit
329 1073 566 1125 verum,
591 1053 786 1112 multo
814 1052 1015 1132 magis
1048 1052 1124 1112 de
1152 1051 1543 1132 Principibus
1575 1058 1671 1112 est
1701 1052 1954 1112 creden-

221 1155 388 1216 dum.
476 1155 520 1216 J
521 1177 631 1216 ure
661 1156 908 1236 quidem
936 1156 1199 1216 miretur
1229 1155 1365 1235 quis
1397 1175 1554 1235 opus
1585 1175 1720 1216 esse
1748 1155 1952 1228 nobis,

214 1266 289 1320 ut
335 1259 486 1320 talia
529 1259 962 1341 proferantur3
1012 1260 1122 1320 sed
1167 1259 1366 1340 magis
1407 1266 1503 1320 est
1546 1259 1954 1320 admiratione

222 1364 480 1444 dignum
511 1364 672 1444 quod
705 1365 951 1444 prolata
977 1364 1109 1424 haec
1136 1363 1388 1423 minime
1417 1363 1867 1443 intelligantur.

297 1467 388 1527 At
443 1468 609 1540 vero,
667 1468 787 1528 hoc
844 1468 1015 1528 Juris
1098 1466 1435 1527 Christiani
1498 1468 1708 1527 codice
1766 1467 1955 1527 semel

224 1571 485 1644 sancito,
537 1571 691 1631 nihil
745 1571 886 1633 visu
942 1571 1190 1651 dignius
1250 1570 1492 1650 concipi
1547 1576 1780 1650 potest,
1840 1589 1956 1630 nec

222 1675 517 1759 sanctius,
551 1696 736 1755 quam
764 1681 837 1735 ut
876 1676 956 1735 ad
988 1675 1161 1734 illum
1192 1675 1616 1753 acceptandum
1645 1673 1956 1735 Universa

215 1778 544 1840 conveniat
574 1779 873 1850 Ecclesia,
906 1784 1092 1859 atque
1127 1784 1223 1838 ut
1245 1779 1323 1838 (10
1361 1777 1652 1838 universo
1684 1778 1953 1858 applica-

217 1882 408 1943 tionis
437 1883 623 1944 modo
654 1883 913 1944 collecta
943 1881 1247 1962 sapientia
1276 1882 1580 1942 consulat.

296 1987 491 2047 Porro
520 1987 586 2046 in
612 1985 728 2047 hac
770 2008 838 2047 re
880 2007 1008 2047 non
1036 1986 1191 2045 nihil
1224 1985 1479 2066 periculi
1508 1986 1687 2045 adest
1716 1985 1825 2046 ubi
1854 2006 1954 2047 res

220 2091 463 2171 agenda
493 2090 575 2151 sit
603 2090 672 2149 in
697 2089 972 2151 Concilio
1003 2110 1078 2149 ex
1110 2088 1363 2150 Clericis
1392 2089 1639 2148 tantum
1663 2089 1953 2163 conflato,

217 2193 324 2274 qui
361 2214 476 2254 nec
517 2193 584 2252 in
626 2192 1130 2273 Jurisprudentia
1172 2181 1467 2273 polleant,
1499 2212 1616 2252 nec
1658 2192 1724 2251 in
1752 2193 1953 2253 Meta-

212 2295 469 2378 physica
495 2317 610 2357 nec
649 2297 715 2356 in
743 2297 1138 2357 Publicarum
1166 2297 1400 2356 Rerum
1432 2294 1720 2357 scientia:
1770 2303 1955 2376 atque

218 2401 290 2461 00
334 2401 534 2480 magis
581 2400 726 2481 quia
772 2401 904 2480 jam
960 2421 1090 2461 non
1140 2399 1425 2480 amplius,
1474 2399 1634 2459 sicut
1693 2400 1839 2460 olim
1887 2400 1954 2459 in

215 2505 420 2566 medio
464 2524 616 2577 aeVO,
663 2504 864 2565 omnis
909 2503 1083 2564 Juris
1112 2503 1252 2564 fons
1295 2503 1601 2564 habeatur
1630 2502 1950 2576 Ecclesia3

217 2607 379 2688 quia,
409 2608 683 2688 inquam,
723 2607 856 2668 haec
906 2607 1115 2668 omnia
1162 2606 1229 2666 in
1279 2605 1393 2668 hac
1445 2607 1606 2666 fiunt
1655 2613 1858 2679 aetate,
1891 2606 1957 2666 in

219 2710 338 2791 qua
387 2717 452 2772 et
501 2712 844 2772 communis
893 2731 1096 2772 sermo
1146 2711 1334 2771 fallax
1391 2717 1507 2782 est,
1563 2717 1626 2771 et
1678 2710 1956 2770 omnium

216 2814 498 2895 gentium
525 2814 796 2895 negotia,
828 2814 953 2875 tela
995 2814 1260 2895 quadam
1304 2812 1545 2876 occulta
1583 2820 1647 2875 et
1673 2812 1958 2895 mysterii

216 2917 417 2999 plena,
449 2919 887 2980 obvolvuntur.

302 3021 390 3083 Et
415 3043 485 3084 re
516 3023 764 3103 quidem
790 3021 957 3096 vera,
993 3021 1220 3083 indolis
1260 3019 1526 3102 egregiae
1566 3020 1702 3093 viri,
1733 3019 1959 3080 horum

217 3143 346 3184 non
375 3125 624 3186 omnino
651 3126 839 3186 rudes
868 3126 1283 3207 negotiorum,
1315 3125 1433 3185 hoc
1454 3125 1586 3204 jam
1613 3122 1958 3202 periculum

221 3226 718 3290 reformidarunt.
807 3223 986 3290 Inter
1016 3249 1172 3310 quos
1200 3227 1465 3308 insignis
1513 3225 1763 3306 quidam
1791 3224 1959 3285 hisce

222 3329 429 3390 verbis
489 3337 586 3391 est
631 3327 828 3393 'usust
895 3339 933 3366 “
956 3331 1319 3402 Concilium,
1382 3329 1482 3390 vel
1549 3316 1960 3389 destructioni

222 3431 539 3507 inserviet,
568 3435 668 3496 vel
694 3435 1029 3498 remedio.’'
1121 3435 1340 3515 Neque
1371 3432 1630 3493 'aliunde
1671 3452 1856 3512 quam
1885 3451 1961 3493 ex
