2236 3814
1033 237 1149 295 101
1226 291 1236 294 ,

215 402 367 463 tiam
397 401 781 462 hortabatur.
872 401 950 460 In
978 400 1158 461 Novo
1191 400 1593 461 Testamento
1624 401 1839 461 eadem
1870 408 1968 461 est

210 506 587 587 significatio
607 505 1053 567 vocabulorum
1087 511 1124 536 ‘⁶
1149 502 1653 576 Conversionis,''
1678 512 1740 564 et
1766 512 1803 536 ‘⁶
1826 506 1965 565 Poe-

216 609 561 684 nitentiae,'’
589 631 832 672 necnon
859 617 897 642 ‘⁶
915 608 1215 671 Salutis.’'
1306 609 1494 668 Illum
1526 609 1643 668 sibi
1671 610 1966 688 praedica-

217 715 405 776 tionis
437 715 620 776 finem
648 715 978 796 <proposuit
1010 721 1264 775 sanctus
1295 713 1668 774 PRAEOURSOR
1708 714 1965 785 DOMINI,

217 828 290 880 ut
319 822 550 882 salvum
574 823 808 900 faceret
836 821 1123 900 populum
1163 842 1337 881 suum
1368 842 1406 880 a
1424 820 1687 899 peccatis
1720 841 1921 880 eorum
1941 843 1965 887 ,·

218 947 420 1006 neque
461 932 674 987 tamen
715 947 791 987 eo
821 932 1193 1007 pervenerat
1237 932 1275 958 “
1303 925 1586 986 Ecclesia
1612 923 1648 949 '³
1684 925 1966 997 Judaica,

216 1036 290 1091 ut
359 1030 591 1091 multos
666 1030 942 1110 quotidie
1013 1031 1297 1091 homines
1370 1029 1751 1090 trucidaret!
1873 1030 1968 1090 De

219 1133 588 1195 Christianis
646 1135 839 1195 verba
897 1135 1131 1195 faciens
1198 1134 1462 1205 PAULUS,
1538 1140 1686 1214 post
1757 1133 1966 1194 Cruci-

215 1238 507 1300 fixionem
529 1245 592 1298 et
610 1239 1061 1300 Ascensionem
1079 1240 1336 1311 ΒΟΜῐΝῐ,
1360 1246 1424 1299 et
1441 1244 1587 1318 post
1605 1238 1967 1299 Adventum

221 1342 496 1405 SPIRITUS
543 1342 784 1415 SANCTI,
829 1344 957 1404 ait:
1016 1343 1087 1404 Si
1124 1342 1263 1421 quis
1325 1364 1570 1402 suorum
1616 1347 1669 1402 et
1711 1343 1968 1402 mamm&

218 1449 666 1510 domesticorum
696 1470 904 1509 curam
945 1469 1065 1508 non
1109 1449 1299 1519 habet,
1319 1448 1510 1526 fidem
1538 1448 1774 1526 neyavit
1806 1454 1859 1508 et
1884 1454 1968 1508 est

216 1553 450 1631 infideli
477 1554 750 1639 deterior.
840 1553 985 1634 Ipse
1014 1553 1160 1614 vero
1193 1553 1269 1612 de
1298 1553 1565 1631 neylectu
1593 1554 1839 1612 tantum
1871 1559 1968 1613 est

216 1658 483 1730 locutUS,
517 1665 580 1718 et
620 1658 696 1719 de
742 1679 955 1718 earum
1000 1679 1210 1718 rerum
1249 1657 1541 1736 neglectu
1590 1678 1726 1736 quae
1776 1657 1828 1717 si
1860 1659 1965 1717 ob-

219 1768 467 1823 servata
496 1768 727 1833 essent,
762 1761 841 1821 ad
879 1782 1189 1821 summum
1219 1760 1397 1819 utiles
1428 1760 1712 1819 fuissent.
1804 1760 1968 1835 Quid

218 1886 428 1946 quaeso
467 1864 651 1926 hodie
689 1865 993 1926 sentirent
1021 1865 1340 1935 Aposmm,
1375 1864 1678 1943 quibusve
1708 1865 1966 1924 vocibus

217 1970 649 2041 reclamarent,
693 1969 746 2028 si
790 1969 952 2029 hanc
986 1968 1271 2028 viderent
1320 1966 1847 2027 Communitatem
1900 1990 1966 2029 se

216 2095 332 2156 pro
365 2072 715 2134 Christiana
754 2073 1159 2152 gestantem?
1247 2072 1467 2152 Neque
1516 2072 1694 2131 aliter
1739 2073 1973 2133 sentiet

218 2185 282 2240 et
337 2178 629 2258 loquetur
688 2176 1057 2258 quicumque
1113 2197 1298 2238 verus
1373 2176 1455 2235 sit
1528 2176 1967 2237 APOSTOLORUM

220 2282 577 2345 Succnsson.

177 2366 188 2376 ⁶
303 2387 382 2447 In
404 2387 517 2448 Pio
538 2386 651 2446 IX.
676 2387 1038 2467 conjunctas
1057 2386 1339 2446 videmus
1370 2385 1528 2446 tales
1554 2385 1743 2445 animi
1763 2386 1962 2456 doteS‚

216 2493 549 2573 praeclaras
591 2492 727 2552 illas
770 2491 1019 2571 quidem
1067 2497 1130 2550 et
1179 2491 1318 2550 raro
1364 2490 1548 2550 simul
1592 2497 1964 2570 compertaS‚

220 2603 290 2657 ut
319 2596 606 2658 videatur
644 2618 683 2656 a
721 2597 854 2656 Deo
901 2594 967 2655 in
1015 2615 1197 2676 opem
1247 2595 1503 2655 humani
1549 2595 1792 2674 generis
1825 2616 1966 2655 con-

221 2701 481 2762 stitutus
512 2723 529 2773 ;
574 2700 708 2781 ipse
753 2707 853 2761 est
898 2698 1194 2761 emmens
1241 2701 1347 2780 qui
1398 2700 1722 2782 analyticis
1769 2721 1966 2780 quaes-

218 2807 493 2867 tionibus
538 2806 813 2867 animum
870 2805 1225 2886 applicavit,
1281 2812 1344 2866 et
1404 2805 1587 2865 simul
1644 2805 1964 2876 PRINOEPS,

219 2932 348 2973 non
383 2911 546 2972 sicut
590 2910 780 2971 ceteri
822 2909 1144 2990 Principes
1189 2910 1481 2991 Europae,
1514 2909 1766 2969 nomine
1812 2909 1968 2967 dun-

219 3022 416 3088 taxat,
447 3015 663 3077 verum
693 3014 882 3076 etiam
911 3020 1244 3094 potestate.

304 3118 526 3200 Neque
563 3120 814 3181 tantum
865 3119 1068 3199 operis
1131 3125 1228 3179 est
1288 3138 1504 3198 capax,
1548 3123 1734 3197 aptus
1777 3116 1968 3178 rebus

223 3223 524 3305 agendis3
578 3226 886 3304 praete'rea
928 3244 1184 3283 manum
1221 3222 1354 3302 jam
1414 3221 1587 3301 operi
1645 3221 1965 3292 admovit3

222 3327 388 3407 quod
417 3346 574 3407 opus
608 3347 721 3408 per
752 3347 865 3388 sua
892 3325 1087 3407 ipsius
1116 3325 1307 3386 verba
1335 3323 1555 3385 melius
1597 3305 1976 3384 describitur

222 3429 404 3512 quam
431 3450 542 3511 per
570 3429 980 3510 quodcunque
999 3428 1533 3491 commentarium.
1598 3428 1774 3488 Dixit
1795 3428 1966 3509 ipse:
