2236 3814
1003 269 1079 326 19

173 439 416 503 tarum3
478 438 542 491 et
590 431 757 491 idem
790 430 1038 511 justitia
1080 430 1151 490 eo
1199 450 1429 503 carere,
1495 435 1661 512 quod
1696 434 1917 495 Nostri

170 535 246 596 iis
270 536 488 596 mediis
519 536 617 595 usi
643 557 771 595 non
800 535 1064 594 fuissent
1094 555 1230 614 quae
1259 556 1388 614 prae
1417 538 1703 596 manibus
1725 539 1912 599 habe-

170 639 343 711 bant,
378 647 442 699 et
472 661 734 720 quorum
766 660 905 719 ope,
937 640 1038 699 vel
1066 638 1290 718 injuria
1329 640 1546 712 averti,
1577 641 1677 700 vel
1707 642 1914 700 debita

173 743 513 803 satisfactio
545 744 708 823 exigi
737 744 1068 823 potuisset.

254 847 420 907 Illud
451 849 692 908 Bellum
722 869 835 928 pro
866 848 1097 927 injusto
1128 848 1417 918 habetur,
1438 869 1551 927 per
1582 848 1748 927 quod
1780 848 1911 908 sine

159 951 301 1031 jure
332 952 600 1031 exigitur
628 953 710 1022 id,
739 953 905 1031 quod
935 952 1273 1011 adversarii
1303 953 1471 1011 nullo
1493 953 1633 1032 jure
1652 953 1910 1012 reddere

170 1055 542 1136 obligantur.
651 1056 1027 1136 Hujusmodi
1078 1057 1197 1116 fuit
1253 1058 1483 1116 bellum
1541 1078 1703 1116 anno
1747 1057 1909 1116 1806

170 1167 397 1232 ortum,
419 1161 659 1240 Anglos
689 1161 854 1221 inter
885 1168 948 1222 et
973 1160 1184 1221 Gallos
1211 1184 1226 1232 3
1276 1162 1506 1221 etenim
1534 1162 1653 1221 hoc
1681 1162 1911 1220 bellum

167 1264 470 1324 indictum
529 1271 626 1325 est
694 1271 840 1345 post
911 1266 1280 1346 diremptam
1354 1287 1601 1325 omnem
1674 1265 1911 1324 dissidii

169 1388 418 1428 causam
497 1390 632 1449 quae
717 1370 876 1429 forte
959 1370 1124 1430 inter
1209 1378 1542 1449 utrumque
1613 1370 1911 1450 populum

169 1472 551 1543 exstitisset3
614 1479 678 1532 et
719 1475 1118 1553 postmodum
1175 1475 1386 1554 Angli,
1450 1474 1910 1554 postulantibus

170 1575 412 1647 RussiS,
487 1577 652 1655 quod
729 1577 868 1656 jure
941 1578 1157 1656 nequit
1242 1578 1472 1657 rogari,
1549 1583 1910 1656 exegerunt.

173 1677 355 1753 Quod
386 1680 437 1739 si
478 1681 608 1751 fiat,
642 1681 720 1739 ad
751 1682 1130 1740 constitutos
1165 1680 1447 1741 Civitatis
1479 1682 1912 1761 Magistratus,

171 1790 389 1844 contra
435 1805 540 1844 eos
593 1785 698 1864 qui
740 1785 1019 1844 Ministri
1071 1786 1383 1856 dicuntur,
1432 1792 1528 1844 est
1574 1806 1915 1864 provocan-

49 1907 54 1911 ’
169 1886 336 1946 dum.
425 1888 659 1948 Verum
717 1889 824 1948 ubi
868 1889 1082 1948 formae
1128 1890 1540 1949 observantur
1585 1889 1917 1959 debitae,—

168 1990 402 2050 Rerum
449 1992 781 2072 Repetitio,
842 1993 1053 2051 Poenae
1102 1992 1456 2051 Declaratio
1506 1990 1719 2071 (quam
1763 1992 1914 2051 Ulti-

167 2099 396 2154 matum
474 2093 751 2173 vocant,)
831 2095 1031 2154 Actus
1117 2096 1404 2175 publicus
1482 2096 1547 2154 in
1624 2095 1913 2155 Archivis

167 2198 498 2278 repositus,
586 2199 752 2258 facta
851 2199 1263 2259 Proclamatio
1360 2199 1646 2270 subditis,
1744 2200 1914 2258 hosti

167 2300 595 2372 DenuntiatiO,
654 2322 922 2361 necnon
1005 2303 1293 2362 solemnis
1368 2302 1692 2381 Delegatio
1762 2308 1801 2333 “
1834 2302 1914 2361 ad

165 2403 678 2477 interficiendum,
722 2406 800 2464 ad
859 2407 1347 2466 comburendum
1406 2413 1470 2466 et
1527 2406 1606 2465 ad
1662 2412 1911 2465 vastan-

167 2508 644 2581 dum‚’'—tunc
699 2510 965 2569 militare
1025 2519 1480 2570 sacramentum
1538 2510 1793 2590 ponitur
1848 2509 1915 2568 in

164 2618 324 2684 tuto,
366 2620 430 2673 et
478 2613 778 2673 militibus
825 2613 1063 2693 gladios
1113 2613 1487 2694 distringere
1534 2621 1598 2673 et
1642 2620 1913 2673 tractare

163 2715 392 2777 licebit.

251 2820 415 2881 Fieri
471 2822 721 2882 demum
778 2828 990 2902 potest
1044 2828 1118 2881 ut
1173 2823 1424 2894 bellum,
1488 2823 1761 2902 alioquin
1817 2823 1908 2882 in-

51 2947 61 2952 ·
157 2925 400 3005 justum
446 2931 510 2985 et
559 2924 810 2985 minime
859 2925 1301 2997 necessarium,
1364 2926 1551 2986 etiam
1608 2925 1909 3006 neglectis

166 3028 519 3108 hujusmodi
561 3029 859 3101 formulis,
890 3029 1203 3089 indicatur
1223 3052 1239 3101 3
1289 3031 1456 3110 quod
1483 3030 1591 3089 ubi
1634 3030 1725 3099 fit,
1757 3029 1910 3088 nihil

169 3138 267 3192 est
311 3134 477 3193 unde
529 3133 730 3194 securi
779 3134 1125 3193 reddantur
1182 3135 1432 3194 milites.
1544 3133 1909 3212 Quicunque

167 3233 284 3296 hac
323 3235 565 3296 ratione
624 3236 774 3316 agit,
819 3257 1020 3317 poenae
1073 3244 1368 3297 extremae
1422 3256 1556 3296 sese
1607 3236 1756 3296 facit
1801 3236 1906 3295 ob-

166 3338 439 3411 noxium,
493 3341 661 3420 quod
709 3361 835 3401 non
894 3340 1091 3401 solum
1152 3341 1229 3400 ab
1286 3340 1388 3399 illa
1439 3361 1623 3420 quam
1679 3339 1909 3399 laeserit

169 3440 419 3502 civitate
449 3443 633 3504 debet
662 3449 1007 3524 expectare,
1039 3445 1256 3506 verum
1294 3465 1331 3504 a
1362 3443 1457 3505 sui
1485 3443 1679 3524 ipsius
1709 3439 1909 3522 patria
