2236 3814
1119 255 1199 313 54

277 422 676 502 praetendunt
703 428 775 481 ut
819 422 895 481 ab
926 421 1094 481 omni
1135 418 1348 501 regula
1374 420 2010 500 >agendiliberentun

278 525 644 586 Remedium
667 532 876 585 autem
906 526 986 585 ad
1005 525 1144 596 hoc,
1171 545 1311 584 cum
1335 523 1596 604 simplex
1620 524 1701 584 sit
1718 523 2016 604 pluraque

278 631 710 710 complectens,
731 629 972 709 vel,pro
998 627 1066 688 ea
1089 610 1310 689 saltem
1332 628 1451 707 qua
1468 628 1700 707 gaudet
1717 626 2013 695 novitate,

278 735 358 793 ad
389 754 454 794 se
489 733 761 813 profecto
805 738 1046 792 mentes
1089 731 1410 791 hominum
1454 731 1639 791 debet
1682 729 2014 790 attrahere.

279 836 461 897 Nova
519 843 582 897 et
639 836 957 907 inusitata,
1019 856 1248 915 magno
1298 834 1511 913 utique
1570 834 1880 913 sequimur
1923 854 2015 893 ar-

279 941 452 1000 dore:
495 939 737 1020 justitia
782 945 991 999 autem
1020 938 1174 998 nihil
1202 938 1401 1017 magis
1431 957 1663 997 novum
1693 935 2019 1016 minusque

274 1042 593 1106 usitatum.

1088 1207 1200 1267 IV.

278 1321 395 1381 Jus
425 1328 778 1381 restaurare
824 1323 1008 1382 debet
1053 1321 1343 1382 Pontifex
1372 1321 1693 1380 Romanus
1725 1319 2016 1381 Ecclesiae

450 1423 673 1504 Caput.

361 1538 590 1599 Utrum
650 1539 927 1599 Ecclesia
990 1538 1313 1600 Catholica
1370 1539 1555 1618 hujus
1617 1537 2017 1598 restauratio-

276 1642 373 1702 nis
417 1643 807 1723 perficiendae
857 1643 937 1703 sit
990 1664 1203 1723 capax,
1236 1643 1300 1703 id
1346 1664 1421 1702 ex
1462 1642 1669 1703 indole
1697 1641 2019 1702 hominum

279 1766 431 1825 quos
479 1747 663 1806 hodie
709 1746 909 1805 nutrit
957 1747 1227 1826 pendere
1275 1746 1604 1806 dicendum
1652 1751 1766 1805 est.
1855 1744 2041 1804 Huic*

279 1849 573 1909 Ecclesiae
608 1849 953 1909 necessario
993 1848 1297 1910 incumbit
1325 1855 1398 1908 ut
1429 1855 1723 1908 conatum
1754 1848 2019 1927 aliquem

279 1953 587 2025 adhibeat,
661 1960 800 2012 tum
867 1959 1122 2033 propter
1193 1953 1412 2013 faciem
1486 1952 1731 2012 sceleris
1801 1971 2019 2011 recens

277 2064 602 2128 mutatam,
660 2064 797 2116 tum
865 2077 941 2116 ex
1005 2078 1076 2116 eo
1156 2057 1322 2135 quod
1395 2056 1512 2116 sibi
1583 2054 2019 2116 auctoritatem

278 2160 548 2221 vindicet
579 2160 840 2221 docendi
869 2161 1141 2219 fidelium
1171 2159 1599 2220 conscientias

362 2264 570 2324 Verba
600 2264 850 2344 quidem
880 2285 916 2324 a
948 2263 1205 2325 Summo
1236 2263 1543 2323 Pontifice
1572 2262 1837 2343 prolata,
1871 2261 2021 2321 dum

282 2368 523 2428 dulcem
581 2368 647 2427 in
706 2389 771 2428 se
823 2368 1147 2428 continent
1196 2366 1694 2447 promissionem,
1738 2365 2021 2425 nonnihil

280 2477 491 2530 tamen
519 2471 829 2531 incutiunt
861 2471 1120 2530 timoris.
1195 2470 1316 2529 Per
1344 2470 1478 2529 haec
1507 2470 1718 2539 verba,
1740 2468 2022 2529 Ecclesia

284 2573 401 2634 sibi
431 2573 659 2653 aliquid
687 2572 984 2632 momenti
1026 2572 1089 2630 in
1128 2592 1196 2631 re
1243 2571 1494 2651 politica
1525 2591 1848 2651 superesse
1877 2591 2019 2651 pro-

282 2678 526 2748 clamat,
559 2697 699 2736 cum
732 2677 836 2756 jus
884 2675 1001 2735 sibi
1032 2675 1310 2736 vindicat
1352 2674 1819 2755 Appellationes
1851 2674 2019 2735 audi-

282 2780 443 2840 endi.
553 2780 727 2851 Haec,
803 2786 1070 2859 quatuor
1141 2778 1364 2839 abhinc
1433 2777 1610 2838 annis
1667 2778 2020 2858 jurisdictio

282 2890 541 2956 asserta,
573 2884 810 2942 nullum
838 2890 1052 2943 tamen
1081 2882 1283 2942 adhuc
1314 2881 1536 2942 sortita
1565 2887 1662 2942 est
1692 2881 2016 2941 effectum:

281 2988 492 3059 immo,
523 3008 639 3048 nec
669 2985 791 3046 una
818 2986 950 3046 vice
982 2984 1329 3045 executioni
1360 2991 1457 3045 est
1487 2985 1801 3044 mandata.
1891 2983 2019 3044 Du-

280 3091 454 3151 bium
475 3091 667 3171 igitur
690 3089 969 3170 exsurgit
992 3089 1155 3149 circa
1174 3108 1425 3148 sensum
1446 3088 1776 3149 verborum
1800 3086 2019 3167 quibus

281 3216 398 3256 usa
431 3203 528 3256 est
571 3194 885 3266 Ecclesia3
933 3193 1069 3273 quis
1111 3193 1366 3253 tandem
1411 3191 1509 3252 sit.
1598 3191 1697 3251 Ex
1725 3212 1847 3271 quo
1877 3213 2019 3273 pro-

281 3299 410 3359 lata
458 3298 710 3358 fuerunt
754 3297 861 3358 illa
908 3297 1116 3368 verba,
1168 3290 1371 3356 status
1421 3315 1630 3354 rerum
1675 3316 1804 3355 non
1853 3295 2019 3356 idem

281 3401 620 3473 remansit3
705 3401 1028 3482 siquidem,
1086 3420 1163 3462 ex
1216 3399 1322 3461 illo
1378 3405 1679 3481 tempore,
1741 3399 2020 3462 Ecclesia
