2236 3814
1128 231 1207 288 36

309 395 514 469 cum,”
546 402 764 457 contra
790 396 1027 456 Russos
1073 403 1451 476 grassanteS,
1501 404 1666 456 esset
1696 396 2040 458 obstaculo.

309 501 426 560 His
490 501 700 580 itaque
773 499 1153 571 constitutis,
1227 505 1301 559 ut
1371 500 1609 580 plenior
1679 501 2041 572 turbationi,

309 625 471 664 anno
533 605 714 675 1848,
777 610 1028 676 exortae,
1083 605 1335 664 daretur
1407 603 1682 675 effectus,
1745 604 1923 664 civile
1978 604 2044 662 in

308 706 507 768 Dania
536 707 739 788 erupit
782 709 1030 779 bellum,
1065 709 1250 787 quod,
1282 707 1511 787 Angli&
1539 713 1937 787 procurante,
1979 708 2044 766 in

307 812 563 872 tertium
585 833 817 871 annum
838 818 934 871 est
951 818 1359 891 protractum.
1409 810 1700 885 Quolibet
1719 818 2043 882 autumno,

310 915 693 975 Gubernium
726 916 1074 995 Anglorum
1117 915 1590 995 interpositione
1636 914 1746 975 sua
1776 935 1911 974 sese
1952 915 2045 973 in-

308 1017 528 1098 gessit,
581 1019 671 1078 ita
713 1025 785 1078 ut
829 1039 930 1079 res
960 1040 1072 1099 per
1100 1019 1360 1079 hiemale
1411 1025 1659 1099 tempus
1709 1019 1776 1077 in
1828 1020 2045 1079 eodem

309 1129 481 1182 statu
511 1129 855 1194 manerent,
905 1144 1103 1202 usque
1144 1124 1310 1194 dum,
1344 1144 1489 1183 vere
1520 1124 1918 1194 adventante,
1950 1143 2045 1182 re-

305 1225 524 1285 novari
552 1231 811 1305 possent
852 1225 1085 1286 bellicae
1116 1225 1526 1305 operationes,
1575 1225 1796 1305 quibus
1826 1232 2050 1305 postea

305 1329 462 1388 liber
516 1329 769 1389 relictus
821 1335 918 1388 est
963 1349 1200 1388 cursus.
1311 1328 1535 1388 Eidem
1592 1329 1683 1388 rei
1742 1329 2043 1388 Borussia

306 1453 558 1512 operam
603 1432 792 1503 dedit,
855 1433 1002 1490 dum
1053 1432 1285 1511 perfide
1339 1431 1536 1491 suasit
1585 1432 2046 1492 Ducatensibus

304 1535 850 1614 perseverantiam,
899 1535 1291 1614 obtinuitque
1349 1536 1603 1595 tandem
1650 1541 1722 1594 ut
1767 1535 1884 1596 sibi
1926 1536 2047 1615 ipsi

308 1639 803 1699 committeretur
876 1659 1165 1717 suprema
1237 1639 1302 1697 in
1358 1639 1476 1699 hoc
1546 1640 1711 1699 bello
1769 1640 2046 1719 gerendo

307 1743 667 1814 auctoritas,
702 1764 774 1802 eo
805 1743 926 1802 fine
955 1749 1028 1802 ut
1059 1742 1267 1822 copias
1311 1743 1607 1803 militares
1637 1743 2046 1804 internecioni

305 1846 600 1905 traderet.
691 1846 791 1906 Ita
835 1865 948 1924 per
991 1851 1258 1924 quatuor
1297 1867 1494 1905 annos
1540 1847 1872 1911 duraverat
1904 1867 2044 1906 san-

307 1948 517 2028 guinis
569 1949 810 2019 effusiO,
872 1949 1206 2008 commixta
1257 1970 1397 2008 cum
1447 1950 1689 2009 insidiis
1739 1950 2043 2029 plurimiS,

309 2054 504 2112 donec
542 2074 645 2113 res
692 2054 772 2112 ad
822 2054 1065 2113 culmen
1097 2053 1549 2133 quodammodo
1596 2054 1861 2114 fuissent
1907 2075 2046 2134 per-

310 2158 549 2228 ductae3
606 2157 827 2217 deinde
877 2158 1203 2217 Varsoviae
1247 2157 1475 2217 initum
1515 2164 1613 2217 est
1641 2158 1841 2218 foedus
1883 2158 2050 2218 inter

309 2261 760 2341 Imperatorem
791 2261 1184 2333 Russiacum,
1218 2263 1323 2341 qui
1365 2283 1481 2342 pro
1509 2262 1782 2322 Familiae
1814 2262 2047 2323 Olden-

309 2363 638 2443 burgensis
665 2363 886 2443 Capite
909 2385 974 2423 se
994 2365 1302 2442 gestabat,
1328 2364 1687 2444 Regemque
1707 2365 2043 2426 Danicum:

311 2487 432 2546 quo
464 2466 694 2526 foedere
723 2473 964 2526 mutata
1015 2473 1110 2525 est
1162 2467 1467 2527 successio
1513 2469 1593 2526 ad
1621 2469 1927 2548 Regnum,
1959 2469 2048 2529 ita

308 2575 381 2627 ut
440 2569 702 2633 exclusis
762 2569 974 2628 multis
1045 2569 1397 2629 hominibus
1459 2571 1563 2649 qui
1612 2572 1841 2651 potiori
1899 2594 2047 2652 gau-

311 2672 542 2731 debant
589 2672 749 2750 jure,
798 2671 1224 2732 nominaretur
1266 2672 1332 2731 in
1382 2694 1645 2753 regnum
1690 2695 2044 2736 successor:

313 2775 461 2834 dum
517 2774 636 2854 ipsi
693 2774 1065 2854 Imperatori
1137 2776 1592 2855 adjudicaretur
1662 2778 1903 2851 titulus,
1978 2787 2051 2838 ut

312 2878 514 2958 Regni
556 2877 794 2950 Danici,
843 2879 1024 2938 simul
1067 2886 1132 2938 et
1171 2880 1543 2953 Ducatuum,
1589 2883 1838 2943 haeredi.

397 2981 774 3060 Hujusmodi
825 2982 1050 3061 pactiO,
1097 2989 1160 3041 et
1201 2982 1335 3062 ipsa
1376 2990 1448 3042 ut
1491 2984 1761 3064 reliquae,
1793 2986 2045 3065 injusta,-

316 3090 379 3144 et
422 3084 605 3148 simul
654 3084 852 3146 Danis
908 3085 1145 3145 summe
1184 3085 1443 3158 infensa,
1498 3093 1561 3147 et
1610 3088 1732 3148 toti
1782 3089 2050 3171 Europae

315 3187 679 3267 periculosa.
795 3189 1222 3250 Moderatores
1265 3189 1480 3250 Daniae
1526 3211 1899 3252 consensum
1927 3194 2048 3255 De-

317 3294 678 3370 putatorum
727 3313 805 3352 ne
857 3292 1103 3372 quidem
1145 3298 1358 3373 petere
1402 3294 1535 3353 ausi
1582 3302 1744 3355 sunt.
1834 3297 2050 3377 Ipsum

319 3389 521 3451 foedus
596 3395 826 3460 secreto
908 3393 1080 3475 prius
1166 3394 1566 3469 custoditum,
1639 3404 1712 3458 ut
1797 3401 2050 3460 tandem
