2236 3814
1118 242 1198 300 40

302 410 454 468 toris
510 407 757 489 propria
813 409 1182 469 auctoritate
1227 409 1292 467 in
1340 408 1704 488 dignitatem
1758 408 2029 468 Patriar-

302 514 540 572 chalem
569 512 796 592 ingesti
820 535 835 584 3
882 512 1137 593 insuper
1167 519 1230 572 et
1260 512 1676 593 oppressionis
1707 513 1783 572 ab
1815 513 2030 572 eodem

301 617 683 697 Imperatore
711 617 777 675 in
809 616 1153 677 Orientales
1186 617 1302 677 sibi
1342 616 1703 696 spiritaliter
1747 615 2029 676 subditos

301 720 602 780 exercitae.
694 718 818 781 Sed
839 726 1048 779 tamen
1076 740 1258 779 nemo
1288 740 1449 778 unus
1478 719 1768 779 inventus
1800 724 1896 778 est
1926 717 2032 797 qui

301 824 591 884 Russiam
622 823 1026 884 seditionibus
1072 825 1150 883 ad
1197 824 1351 883 fines
1400 844 1543 884 suos
1590 823 1685 882 uti
1731 822 2026 883 crederet.

301 927 604 987 Omnibus
658 928 883 1007 quippe
929 948 1292 1007 persuasum
1349 927 1466 986 fuit
1524 926 1812 985 Russiam
1862 924 2031 985 omni

302 1030 588 1089 seditioni
609 1050 743 1089 esse
763 1031 1173 1090 adversatam.
1234 1030 1352 1089 His
1381 1036 1592 1089 tamen
1621 1050 1747 1089 non
1778 1029 2028 1088 obstan-

298 1135 483 1205 tibus,
517 1133 927 1193 necessarium
958 1134 1075 1193 fuit
1103 1141 1175 1193 ut
1211 1133 1639 1194 benevolentia
1684 1132 2027 1212 Petropoli-

298 1245 446 1297 tana
504 1260 651 1316 erga
707 1238 989 1309 Romam,
1059 1238 1277 1296 saltem
1334 1236 1534 1317 aliqua
1604 1257 1732 1295 non
1791 1242 2028 1296 careret

299 1342 719 1421 explicatione.
810 1341 975 1400 Talis
1026 1341 1218 1419 igitur
1247 1362 1372 1400 non
1420 1340 1614 1400 defuit
1660 1339 2024 1419 explicatio:

297 1446 535 1505 Russiae
566 1466 786 1524 nempe
817 1451 879 1504 et
908 1445 1122 1504 Romae
1152 1446 1592 1515 moderatores,
1628 1444 1706 1502 ad
1733 1443 1917 1515 idem,
1951 1443 2031 1502 ad

301 1556 338 1581 ‘⁶
366 1550 645 1609 ordinem
667 1548 702 1572 ’⁹
741 1549 989 1620 scilicet,
1023 1549 1394 1628 prospicere.
1483 1548 1806 1627 Equidem,
1845 1546 1933 1628 (et
1966 1547 2031 1606 id

297 1653 828 1714 animadversione
853 1653 1105 1732 dignum
1131 1649 1425 1731 videtur,)
1458 1653 1577 1712 hoc
1597 1653 1731 1732 ipso
1755 1658 2032 1732 tempore

296 1757 568 1816 fautores
619 1757 940 1816 seditionis
985 1757 1311 1836 pecuniam
1358 1777 1394 1815 a
1435 1757 1654 1816 Russis
1699 1756 2028 1835 accepisse,

295 1882 421 1920 non
453 1860 566 1919 alia
602 1861 677 1919 de
709 1859 892 1919 causa
936 1880 1118 1938 quam
1164 1861 1330 1939 quod
1372 1860 1448 1919 ad
1478 1860 1643 1919 idem
1685 1875 1830 1940 pars
1861 1865 2027 1918 utra-

299 1985 415 2042 que
445 1964 825 2044 prospiceret
852 1985 864 2023 :
897 1962 1082 2022 iidem
1112 1963 1255 2023 Vero
1286 1964 1359 2023 ad
1396 1963 1628 2023 ordinis
1658 1984 2030 2043 prospexere

296 2068 733 2127 turbationem.

382 2169 500 2244 Qui
547 2172 1043 2250 perturbationes
1091 2171 1154 2229 in
1207 2171 1454 2251 Europa
1510 2171 1705 2231 factas
1756 2172 2028 2232 historiae

295 2276 635 2347 mandavit,
657 2282 857 2347 notat,
889 2276 1025 2335 ideo
1056 2277 1132 2335 ab
1178 2276 1430 2335 ineunte
1463 2276 1687 2336 saeculo
1720 2277 1844 2335 18νο
1875 2276 2027 2335 diffi-

298 2379 471 2439 cilem
548 2379 904 2457 conscriptu
975 2379 1203 2439 factam
1274 2379 1615 2450 historiam,-
1699 2379 1841 2458 quia
1912 2379 2028 2439 Jus

299 2480 591 2541 Gentium
640 2480 958 2540 observari
1003 2481 1271 2540 desierit.
1360 2480 1565 2540 Hodie
1603 2482 1748 2541 vero
1779 2482 2029 2542 evanuit

295 2585 431 2664 ipsa
481 2583 652 2643 Juris
687 2583 897 2654 notio;
945 2584 1043 2643 vel
1084 2584 1249 2662 quod
1299 2583 1486 2643 etiam
1536 2584 1710 2663 pejus
1757 2585 2022 2657 videtur,

296 2687 337 2747 J
338 2687 467 2747 uris
495 2708 722 2746 nomen
750 2708 878 2746 non
908 2687 1094 2745 alium
1135 2688 1213 2746 ob
1243 2687 1428 2746 finem
1458 2694 1811 2767 usurpatur,
1847 2688 2028 2768 quam

296 2797 366 2850 ut
396 2811 718 2871 perperam
748 2790 828 2848 ad
870 2789 1126 2861 facinus,
1158 2791 1364 2850 nescio
1413 2791 1576 2870 quod
1619 2792 2025 2864 teterrimum,

295 2892 730 2954 indicandum:
808 2901 991 2973 atque
1061 2893 1197 2952 ideo
1267 2894 1589 2953 hominum
1657 2891 1917 2975 negotia
1963 2897 2027 2955 in

294 2997 689 3058 inenarrabili
737 2995 1000 3077 quadam
1045 3018 1253 3056 rerum
1292 2997 1649 3057 confusione
1677 3005 2024 3059 versantur.

296 3102 397 3161 Illi
454 3102 496 3161 J
497 3102 593 3161 uri
651 3101 916 3182 quidem,
971 3102 1136 3181 quod
1186 3101 1553 3179 abrogatum
1609 3102 2023 3180 praetendunt,

296 3206 462 3265 aliud
490 3206 532 3265 J
533 3227 606 3266 us
639 3207 973 3286 subrogare
1003 3205 1298 3266 simulant
1324 3204 1626 3276 nonnulli,
1661 3206 1825 3284 quod
1857 3211 1896 3239 “
1919 3206 2025 3266 In-

251 3340 253 3342 *
294 3309 722 3369 ternationalis
748 3309 785 3335 ''
839 3309 1090 3370 nomine
1140 3307 1410 3388 gaudeat
1457 3312 1520 3366 et
1569 3328 1645 3367 ex
1694 3307 2028 3370 foederibus

293 3411 533 3470 collatis
592 3418 853 3472 constet.
970 3412 1058 3471 At
1113 3410 1256 3471 licet
1311 3409 1539 3469 mirum
1603 3410 1774 3470 dictu
1830 3412 2028 3491 possit
