2236 3814
1152 194 1303 265 94‘

336 371 559 432 accidit
586 393 665 432 ne
695 370 1016 431 hominum
1047 372 1353 452 dirigatur
1383 370 1675 433 attentio:
1709 371 1843 432 fieri
1866 371 2053 431 etiam

334 476 541 555 potuit
569 483 642 535 ut
670 477 835 536 hunc
867 476 1171 557 praecipue
1202 477 1280 536 ob
1313 475 1500 535 finem
1527 475 1803 536 revocati
1831 474 2064 534 fuerint

333 579 573 658 Legati.
661 580 992 651 Praeterea,
1033 578 1421 659 jamdudum,
1467 598 1630 637 anno
1668 579 1848 648 1848,
1873 576 2064 636 Russi

335 683 803 742 declaraverunt
834 703 897 742 se
941 683 1147 742 favere
1192 682 1622 741 restaurationi
1650 678 2064 740 Auctoritatis

334 785 695 857 Pontificiae‚
726 792 860 844 tum
894 785 1196 865 Spiritalis
1227 791 1363 843 tum
1394 783 1794 864 Temporalis.

312 935 316 941 ‚
420 888 487 949 Si
517 889 651 967 quis
671 910 746 948 ex
767 888 1193 948 Cardinalibus
1224 888 1509 963 veritatis
1542 885 1950 967 agnoscendae
1983 884 2065 945 sit

337 991 615 1071 cupidus,
667 992 857 1051 immo
918 994 994 1051 ab
1054 991 1123 1051 ea
1181 990 1473 1051 discenda
1528 1011 1655 1050 non
1713 989 2062 1059 abhorreat,

334 1095 507 1153 illum
528 1095 853 1154 hortamur
875 1095 1181 1155 rationem
1211 1116 1248 1154 a
1278 1115 1343 1154 se
1376 1094 1583 1173 exigat
1613 1093 1905 1164 omnium,
1930 1112 2065 1171 quae

342 1205 472 1257 tum
500 1198 667 1257 intra
698 1197 910 1258 Galliae
941 1199 1191 1270 limites,
1223 1205 1360 1257 tum
1391 1204 1584 1268 extra,
1617 1196 1832 1256 fecerit
1863 1197 2060 1256 LUDO-

336 1319 507 1361 VIOUS
539 1301 841 1373 NAPOLEO,
876 1323 951 1360 ex
989 1322 1108 1381 quo
1139 1308 1422 1381 tempore
1456 1321 1717 1379 regnare
1745 1299 2061 1379 inceperit.

338 1404 749 1478 Quaerendum
767 1404 983 1484 utique
1008 1411 1123 1475 est,
1145 1405 1331 1475 unde,
1358 1410 1421 1463 et
1445 1403 1666 1483 quibus
1687 1403 2061 1474 auctoribuS,

335 1509 671 1588 Imperium
719 1508 833 1567 sibi
894 1508 1262 1587 acquisierit.
1369 1506 1519 1581 Quae
1580 1508 1747 1587 apud
1804 1506 2069 1566 Exteras

336 1613 481 1672 fecit
526 1611 776 1684 GenteS,
830 1613 1132 1691 numquid
1191 1610 1379 1672 Gallis
1437 1611 1831 1691 profuerint}>
1919 1610 2070 1684 Quae

336 1721 544 1774 autem
593 1714 760 1774 intus
808 1716 990 1795 gerit,
1023 1736 1173 1773 num
1219 1715 1505 1793 cuiquam
1549 1714 1683 1773 heec
1729 1714 2071 1793 proderunt

341 1817 767 1877 Guberniorum
789 1816 817 1875 ,9

421 1922 515 1982 De
563 1922 972 2001 “Temporali
1014 1921 1334 1982 Pontificis
1380 1919 1727 1980 Dominio''
1776 1920 1959 1979 hodie
2000 1921 2072 1979 fit

340 2046 558 2097 sermo,
605 2047 730 2085 non
777 2025 950 2086 secus
995 2047 1066 2085 ac
1111 2027 1186 2085 de
1234 2025 1496 2104 “Regni
1540 2024 1760 2083 Danici
1803 2024 2069 2104 Integri-

337 2128 530 2200 tate,''
578 2130 677 2189 vel
723 2135 761 2160 “
785 2129 1055 2189 Orientis
1099 2129 1535 2188 Pacificatione
1561 2127 1636 2186 '':
1684 2148 1798 2187 nec
1829 2127 2071 2187 diverso

345 2233 738 2292 adhibebitur
770 2233 1045 2293 consilio.
1133 2233 1301 2292 Hinc
1332 2232 1530 2291 oritur
1558 2231 1730 2302 illud,
1766 2231 1933 2310 quod
1960 2231 2071 2289 im-

339 2337 809 2416 praesentiarum
851 2336 1003 2396 Orbi
1045 2336 1328 2395 imminet
1362 2335 1722 2414 periculum,
1770 2355 1806 2393 a
1850 2334 2072 2394 ceteris

340 2439 588 2497 minime
634 2439 1020 2517 sejunctum:
1085 2439 1292 2497 omnia
1335 2439 1564 2496 etenim
1607 2437 1772 2496 inter
1818 2457 1883 2496 se
1924 2458 2065 2496 nec-

338 2548 578 2602 tuntur.
667 2542 885 2621 Neque
920 2542 1086 2601 aliud
1131 2543 1315 2601 datur
1345 2541 1637 2620 effugium
1669 2560 1855 2620 quam
1886 2542 2066 2620 quod,

339 2646 628 2706 resolutis
673 2646 1039 2725 ambagibus
1081 2645 1476 2716 fallaciarum,
1522 2646 1932 2725 explodantur
1975 2667 2068 2706 er-

339 2770 512 2810 rores
557 2755 620 2808 et
662 2749 983 2830 passiones
1030 2770 1165 2829 quae
1207 2756 1547 2810 nascantur
1591 2770 1668 2808 ex
1696 2748 1884 2828 longa
1913 2750 2068 2810 serie

339 2859 637 2924 actorum,
700 2873 961 2932 quorum
1019 2853 1252 2912 virtute
1291 2852 1473 2912 Italia
1527 2852 1671 2911 talis
1729 2851 1895 2911 facta
1953 2859 2068 2924 est,

343 2956 586 3035 qualem
637 2976 772 3014 eam
822 2953 1005 3014 hodie
1054 2953 1371 3014 videmus:
1431 2955 1497 3013 in
1546 2954 1767 3034 quibus
1827 2955 2074 3034 quidem

342 3059 516 3131 actis,
541 3059 672 3138 jam
716 3059 793 3118 ab
831 3079 992 3118 anno
1026 3055 1186 3118 1795
1217 3057 1501 3138 inceptis,
1531 3058 1803 3118 influxus
1831 3058 2074 3119 Russiae

340 3162 406 3220 in
461 3163 794 3242 propatulo
846 3168 979 3234 est;
1042 3162 1190 3220 dum
1245 3161 1517 3221 vicissim
1562 3159 1777 3233 Gallia,
1822 3161 2072 3241 Anglia,

341 3263 618 3335 Austria,
663 3285 906 3325 necnon
940 3264 1077 3345 ipsa
1122 3263 1382 3343 denique
1410 3263 1596 3323 Italia,
1640 3269 1704 3323 et
1744 3264 2072 3336 RevolutiO,

342 3385 486 3425 suas
511 3385 767 3445 quaeque
789 3373 1019 3446 partes,
1046 3386 1239 3428 caecas
1256 3365 1490 3445 utique,
1518 3366 1766 3428 serviles
1786 3367 2083 3428 maxime-
