2236 3814
1150 180 1230 238 96

331 348 572 410 Turciae
616 348 1033 428 Imperatores
1079 345 1418 426 spiritalem
1462 350 1754 405 exercent
1792 342 2060 404 auctori-

329 460 544 524 tatem,
579 453 654 511 de
675 471 936 531 quorum
955 457 1168 510 tamen
1194 456 1232 482 “
1246 449 1598 530 Temporali
1616 448 1906 509 Dominio
1920 447 1956 473 '²
1981 469 2061 508 ne

328 556 589 616 verbum
613 554 857 634 quidem
879 553 1214 633 profertur.
1276 552 1413 612 Rex
1441 551 1630 612 etiam
1660 551 1971 611 Borussiae
2001 539 2064 611 et

329 659 573 739 Angliae
603 659 844 738 Regina
883 658 958 717 de
990 656 1435 737 temporalibus
1479 655 1822 735 disponunt
1850 655 2062 715 Eccle-

333 763 562 822 siarum
591 762 652 821 N
656 761 1038 821 ationaliume

415 864 739 939 Quocirca,
781 864 848 924 si
900 863 1163 944 speciale
1212 863 1524 942 quoddam
1572 882 1800 921 nomen
1850 860 2061 921 Domi-

330 969 508 1028 natui
550 968 898 1039 Pontificio,
944 966 1193 1027 minime
1237 973 1444 1026 autem
1489 966 1710 1026 ceteris
1745 966 2060 1038 tribuitur,

329 1075 484 1134 latet
501 1073 778 1153 profecto
797 1092 1024 1152 pravus
1049 1072 1208 1131 finis.
1260 1070 1604 1131 Consilium
1623 1070 1786 1130 enim
1805 1076 1904 1130 est
1920 1070 2060 1141 illis,

337 1176 484 1257 (quo
515 1177 805 1236 Pontifex
822 1176 1164 1235 Dominatu
1187 1175 1422 1234 facilius
1454 1171 1776 1254 spolietur)
1801 1173 2058 1233 homini-

330 1284 447 1342 bus
466 1282 859 1361 persuadere,
880 1280 1055 1339 illum
1075 1301 1111 1339 a
1136 1279 1358 1339 ceteris
1378 1278 1814 1338 Potentatibus
1834 1278 2061 1357 aliqua-

331 1386 514 1444 tenus
547 1384 931 1444 distinctum.
1022 1383 1228 1454 Unde,
1256 1383 1332 1441 de
1353 1382 1472 1441 hoc
1503 1401 1652 1441 casu
1671 1387 2064 1460 argumenta-

331 1488 489 1547 tioni
519 1487 619 1547 via
647 1487 887 1566 patebit
917 1507 992 1546 ex
1020 1484 1440 1544 fundamentis
1473 1505 1719 1544 omnem
1747 1484 2065 1544 notionem

333 1592 375 1651 J
378 1591 607 1651 ustitiae
639 1590 1128 1661 excludentibUS,
1157 1595 1341 1668 atque
1369 1589 1460 1648 ita
1481 1588 1607 1659 fiet,
1629 1594 1702 1647 ut
1732 1588 1837 1667 qui
1865 1588 2064 1668 primo

335 1696 550 1755 auditu
579 1702 882 1774 negarent
927 1716 992 1754 se
1035 1695 1322 1774 Regnum
1358 1715 1395 1753 a
1424 1691 1663 1772 Regina
1692 1692 1938 1772 Angliae
1968 1694 2067 1754 vel

335 1823 371 1860 a
404 1822 550 1879 rege
580 1800 917 1860 Lusitaniae
958 1800 1296 1870 ablaturos,
1331 1804 1393 1857 et
1421 1798 1676 1858 VICTORI
1694 1797 2067 1858 EMMANUELI

337 1906 616 1975 daturos,
650 1904 719 1962 eo
765 1903 929 1982 quod
974 1903 1106 1962 haec
1135 1902 1500 1962 Auctoritas
1531 1907 1629 1961 est
1660 1901 2064 1981 TemporaliS,

333 2007 523 2066 nihilo
568 2006 770 2066 minus
814 2007 933 2066 hoc
977 2007 1364 2087 propositum
1408 2005 1613 2076 iidem,
1648 2026 1719 2065 eo
1763 2006 2068 2086 praecipue

334 2111 536 2181 titulo,
571 2118 634 2170 et
688 2111 1045 2190 exciperent
1089 2110 1271 2170 simul
1300 2115 1363 2169 et
1408 2115 1721 2189 urgerent,
1755 2110 1968 2170 statim
1999 2130 2070 2170 ac

337 2216 413 2274 de
443 2215 744 2275 Pontifice
775 2221 1128 2275 moveretur
1159 2214 1437 2293 quaestio.

421 2319 622 2378 Immo
643 2318 902 2377 ulterius
926 2318 1417 2398 progredientur,
1446 2318 1720 2376 dicentes
1745 2339 1757 2376 :
1808 2323 1848 2349 “
1872 2316 2069 2377 Nobis

342 2426 379 2451 “
404 2421 793 2500 propositum
835 2426 931 2478 est
971 2419 1272 2498 prosapiae
1307 2417 1664 2479 Sabaudicae
1696 2419 2071 2479 dare—licet

341 2530 379 2555 ‘⁶
404 2524 885 2602 haudquaquam
915 2523 994 2581 ad
1022 2543 1137 2582 nos
1156 2521 1831 2602 pertinentes—agrOS,
1862 2524 2067 2594 urbes,

342 2633 381 2659 ‘⁶
407 2634 470 2686 et
515 2627 785 2697 castella,
834 2625 1153 2684 Pontificis
1194 2626 1644 2697 haereditatem,
1684 2624 1863 2706 (nihil
1905 2626 2070 2687 enim

342 2737 379 2763 ‘⁶
406 2731 574 2790 aliud
630 2726 1012 2807 intendunt‚)
1069 2735 1140 2788 ut
1200 2729 1287 2789 sic
1344 2729 1686 2790 Ecclesiam
1726 2730 2071 2794 Romanam

342 2841 382 2867 ‘⁶
407 2853 634 2913 magno
687 2833 1022 2892 afficiamus
1080 2833 1396 2893 beneficio.
1487 2833 1671 2893 Hanc
1728 2834 2072 2894 Ecclesiam

341 2944 381 2969 ‘⁶
406 2937 724 2997 meliorem
766 2936 1027 2995 reddere
1067 2935 1347 3015 cupimus
1395 2942 1458 2995 et
1495 2937 1847 3016 puriorem3
1893 2959 2071 2997 mun-

343 3047 382 3072 “
408 3042 619 3100 datam
662 3040 739 3100 ab
785 3039 954 3099 omni
995 3039 1132 3098 labe
1177 3039 1455 3099 saeculari
1472 3061 1489 3111 ;
1535 3045 1857 3119 totamque
1897 3040 2072 3121 spiri·

343 3149 381 3176 “
404 3144 612 3204 talem.
706 3143 860 3203 Haec
903 3149 1115 3202 autem
1158 3141 1400 3222 agimus
1431 3163 1508 3203 ex
1537 3163 1745 3203 amore
1774 3143 2074 3216 Justitiae,

342 3246 580 3325 “juxta
608 3266 680 3305 ac
709 3246 904 3326 ipsius
934 3245 1276 3326 Religionis
1302 3244 1733 3306 Christianae.''

422 3347 631 3428 Atque
659 3349 750 3409 ita
779 3349 1020 3411 eveniet
1049 3356 1122 3409 ut
1157 3348 1223 3408 hi
1257 3348 1567 3429 simplices
1611 3349 1915 3422 homineS‚
1945 3348 2068 3411 for-
