2236 3814
1079 239 1155 296 83

245 404 492 480 Quaevis
525 401 958 464 Communitas
994 400 1134 481 (nec
1171 400 1365 460 refert
1404 423 1632 480 magna
1660 399 1980 482 parvane,)

244 508 298 568 si
324 508 461 568 vult
495 507 671 587 justa
701 504 1060 575 existimari,
1094 526 1127 564 e
1160 504 1256 563 sui
1298 504 1501 563 medio
1532 511 1748 584 turpes
1782 525 1984 584 segre-

243 634 393 694 gare
424 613 668 682 ‹debet3
726 611 793 669 id
837 615 935 669 est
969 606 1634 669 “excommunicare''
1714 606 1835 680 Qui
1882 608 1986 666 ab·

243 719 496 779 horreat
555 718 631 776 ab
705 713 1366 776 excommunicationis
1438 713 1565 773 telo
1639 712 1989 772 adhibendo

244 843 500 883 necesse
531 827 626 882 est
670 827 742 880 ut
783 821 860 879 de
903 820 1024 880 hoc
1069 840 1200 879 aevo
1245 817 1310 876 in
1356 838 1476 897 quo
1520 816 1801 896 degimus
1834 816 1991 875 111313

235 927 475 1007 judicet
509 949 522 986 :
619 946 823 1005 neque
914 924 1082 984 enim
1170 922 1360 982 latior
1439 942 1717 1001 unquam
1787 920 1993 1000 patuit

244 1051 500 1111 campus
548 1050 661 1090 nec
710 1028 1017 1109 insignior
1066 1034 1287 1109 parata
1348 1033 1444 1088 est
1497 1047 1727 1087 corona
1776 1025 1992 1105 peritae

244 1136 534 1196 audaciae.

329 1240 775 1321 Unusquisque
839 1239 1046 1319 aliquo
1108 1239 1294 1298 modo
1362 1242 1747 1318 potestatem
1804 1235 1995 1294 habet

244 1343 842 1414 excommunicandi,
892 1363 1093 1422 neque
1153 1342 1319 1402 enim
1377 1341 1556 1401 aliter
1615 1340 1994 1421 probitatem

244 1447 474 1507 retinet
521 1448 629 1508 sed
673 1468 787 1507 nec
827 1448 1096 1507 retinere
1138 1452 1366 1526 potest.
1456 1445 1639 1505 Hanc
1689 1451 1993 1504 tesseram

245 1552 363 1612 viri
397 1552 645 1612 honesti
687 1552 1009 1623 habemus,
1044 1551 1210 1631 quod
1255 1551 1332 1610 ab
1376 1549 1694 1609 inhonesti
1736 1547 1992 1607 familia-

245 1656 433 1717 ritate
479 1677 544 1717 se
590 1655 944 1716 abstineat:
1009 1676 1146 1735 quae
1213 1654 1462 1733 quidem
1522 1659 1806 1734 potestas
1868 1672 1996 1710 non

244 1761 451 1821 minus
508 1761 788 1843 publicos
864 1782 1051 1840 quam
1122 1760 1407 1840 privatos
1479 1778 1685 1818 mores
1758 1763 1992 1817 tuetur.

245 1864 451 1940 Quum
510 1865 888 1945 Reipublicae
967 1864 1226 1924 crimina
1307 1863 1434 1923 sint
1515 1863 1704 1922 etiam
1765 1861 1997 1921 scelera

242 1969 650 2050 privatorum,
685 1969 750 2028 id
782 1970 948 2048 quod
978 1970 1123 2029 vere
1155 1967 1697 2028 administratores
1730 1971 1993 2036 coercet,

244 2081 361 2146 est,
395 2076 563 2155 quod
590 2074 871 2134 vitentur
903 2075 979 2133 ab
1010 2073 1354 2134 honorabis.

329 2180 419 2238 At
461 2178 644 2258 longe
690 2178 871 2237 aliter
912 2197 1014 2238 res
1067 2198 1132 2238 se
1182 2177 1374 2236 habet
1419 2177 1528 2236 ubi
1574 2177 1650 2236 de
1698 2174 1895 2235 Roma
1923 2175 1996 2234 fit

247 2283 528 2363 quaestio.
620 2282 775 2342 Haec
805 2282 1082 2343 Ecclesia
1127 2304 1164 2342 3
1204 2282 1374 2342 1111110
1422 2281 1736 2342 Gubernio
1765 2281 1995 2340 limites

249 2387 443 2448 sumit
467 2409 484 2459 ;
532 2407 733 2467 neque
766 2387 932 2466 quod
962 2386 1202 2466 profert
1222 2385 1544 2465 judicium,
1577 2386 1657 2444 ad
1685 2391 1996 2465 tempora-

245 2492 369 2552 lem
410 2491 608 2572 ipsius
655 2491 959 2552 ditionem
1002 2491 1304 2551 refertur:
1355 2491 1432 2550 ab
1484 2489 1734 2570 injustis
1767 2489 1999 2550 etenim

246 2595 445 2668 bellis,
505 2596 696 2656 immo
759 2597 836 2656 310
912 2596 1200 2656 omnibus
1268 2616 1334 2656 se
1407 2595 1720 2666 abstinet3
1796 2615 1997 2674 neque

247 2721 523 2780 unquam
573 2701 653 2760 ad
702 2701 857 2761 fines
909 2700 1261 2761 dilatandos
1313 2721 1427 2760 1133
1477 2706 1574 2760 est
1625 2700 1998 2760 auctoritate

251 2803 378 2876 sua,
414 2804 560 2864 olim
588 2805 742 2863 nulli
771 2826 884 2886 per
913 2805 1233 2885 Europam
1265 2804 1534 2865 secunda
1560 2828 1572 2865 ε
1621 2825 1821 2884 neque
1852 2825 1996 2863 con-

251 2907 404 2970 siliis
432 2908 554 2969 illis
586 2909 971 2989 Legatorum
1003 2929 1069 2969 se
1104 2931 1303 2990 nuper
1331 2909 1687 2980 immiscuit,
1720 2930 1831 2988 per
1861 2928 1998 2988 quae

247 3012 636 3092 periclitatur
664 3013 918 3074 libertas
962 3034 1090 3072 non
1121 3013 1378 3073 minoris
1421 3011 1670 3072 tantum
1702 3012 1997 3091 cujusque

250 3115 646 3196 Reipublicae,
678 3119 895 3177 verum
926 3117 1115 3178 etiam
1144 3117 1573 3176 maximarum.

336 3219 612 3280 Ecclesia
652 3220 849 3301 igitur
894 3222 1177 3282 Romana
1225 3219 1388 3280 foras
1433 3219 1583 3300 agit,
1616 3240 1745 3280 non
1787 3219 1994 3292 intus3

253 3320 419 3383 foras
449 3329 658 3384 autem
688 3346 901 3386 omnes
933 3325 1169 3406 pariter
1212 3324 1486 3403 attingit.
1576 3323 1698 3383 Hic
1727 3323 1997 3383 influxus

254 3427 549 3507 majorem
597 3428 724 3489 vim
775 3429 1015 3489 obtinet
1070 3429 1136 3487 in
1191 3427 1402 3507 regnis
1461 3428 1647 3488 fidem
1699 3428 1999 3489 Romanae
