2236 3814
1039 225 1117 282 89

296 389 355 448 2.
404 387 806 448 Saecularium
856 388 1312 447 Potentatuum
1371 389 1438 448 in
1498 389 1956 471 Episcoporum

216 491 707 573 designationem
735 490 1145 571 interpositio,

299 597 356 656 3.
404 596 711 657 Educatio
740 595 1030 675 religiosa
1057 616 1412 676 puerorum.

295 701 355 760 4.
404 699 710 761 Catholici
772 700 937 761 inter
1013 699 1460 762 Schismaticos
1519 700 1796 762 Orientis
1855 702 1958 763 de-

216 811 455 884 gentes,

299 909 356 969 5.
403 910 645 970 Relatio
670 910 1015 971 Ecclesiam
1043 910 1208 969 inter
1239 917 1303 970 et
1332 911 1645 971 Politiam.

297 1012 480 1088 Quod
527 1015 608 1074 ad
647 1014 989 1075 secundum
1028 1014 1276 1087 attinet,
1337 1016 1751 1095 quodcunque
1796 1035 1954 1096 prae—

215 1123 383 1178 stare
406 1123 618 1197 potest
642 1115 1010 1190 Concilium,
1037 1138 1114 1178 ex
1136 1117 1274 1198 ipso
1297 1101 1650 1179 Tridentini
1679 1125 1962 1199 tempore

215 1227 468 1283 cautum
496 1222 783 1302 legimus

298 1326 645 1387 Puerorum
687 1327 1002 1388 institutio
1049 1327 1293 1408 spectat
1324 1329 1402 1388 ad
1431 1328 1602 1408 leges
1634 1350 1671 1388 a
1700 1327 1961 1408 singulis

216 1431 570 1491 civitatibus
606 1431 672 1490 in
702 1431 1023 1512 proprium
1065 1433 1460 1492 commodum
1488 1433 1670 1492 latas.
1762 1432 1963 1512 Leges

215 1536 438 1596 saltem
489 1556 626 1616 quae
673 1535 958 1596 feruntur
1000 1557 1128 1596 non
1173 1537 1507 1616 prohibent
1549 1558 1628 1597 ne
1674 1538 1963 1597 sacerdos

213 1660 442 1720 pueros
500 1640 758 1700 edoceat
821 1639 969 1719 quid
1043 1640 1294 1699 demum
1354 1639 1436 1700 sit
1491 1647 1840 1721 peccatum,
1900 1646 1965 1700 et

214 1745 393 1824 quale
420 1743 574 1803 illud
605 1744 686 1803 sit
714 1750 1042 1824 peccatum
1085 1765 1197 1824 per
1243 1746 1409 1824 quod
1452 1751 1551 1804 tot
1594 1745 1868 1825 patimur
1898 1750 1965 1804 et

212 1855 427 1909 tanta:
476 1849 642 1928 quod
671 1848 885 1928 utique
906 1849 1037 1928 jam
1067 1870 1194 1909 non
1223 1849 1473 1909 discunt
1501 1849 1679 1929 pueri
1710 1870 1852 1909 cum
1883 1850 1960 1909 ab

213 1952 366 2033 ipsis
408 1953 734 2033 ignoretur
786 1953 1232 2013 sacerdotibus.
1325 1953 1543 2036 Neque
1590 1954 1847 2014 tandem
1888 1954 1964 2014 de

217 2078 291 2118 eo
317 2058 485 2137 quod
507 2047 587 2117 ad
611 2057 931 2118 Orientem
965 2065 1444 2137 spectat,—quo
1474 2057 1727 2118 nomine
1752 2058 1964 2118 Turci-

216 2182 353 2222 cam
387 2161 860 2242 Rempublicam
910 2162 1132 2221 volunt
1185 2161 1965 2242 designare,-—-quidquam

217 2273 315 2327 est
339 2267 668 2346 agendum.
731 2267 946 2326 Turcae
970 2267 1217 2346 plenam
1244 2264 1583 2326 Catholicis
1606 2267 1970 2345 relinquunt

216 2372 575 2452 libertatem
594 2371 769 2432 circa
797 2392 871 2430 ea
902 2371 1111 2430 omnia
1146 2372 1224 2430 de
1257 2359 1478 2450 quibus
1510 2371 1775 2431 Romam
1804 2371 1971 2431 inter

217 2482 284 2537 et
343 2475 660 2537 Gubernia
719 2474 1218 2536 Christianorum
1303 2475 1508 2555 aliqua
1580 2481 1798 2535 exorta
1871 2481 1970 2535 est

219 2580 658 2643 controversia.
746 2581 807 2639 A
835 2581 1270 2661 persecutione
1294 2601 1372 2641 vse
1404 2580 1718 2652 cohibent,
1753 2600 1969 2640 omnes

220 2685 407 2746 fidem
451 2685 819 2746 catholicam
865 2686 1159 2766 amplecti
1200 2686 1597 2767 permittunt,
1639 2687 1806 2746 bona
1850 2684 1967 2745 Ec-

219 2790 423 2852 clesiae
451 2790 691 2851 intacta
707 2791 1090 2871 relinquunt,
1116 2811 1318 2870 neque
1336 2789 1723 2851 institutioni
1744 2788 1970 2870 puerili

222 2914 288 2955 se
337 2893 711 2967 immiscent,
764 2915 968 2974 neque
1020 2894 1477 2974 Episcoporum
1529 2892 1970 2973 designationi,

221 3005 746 3060 testamentorum
830 2999 1158 3071 validitati,
1247 2999 1596 3078 ritibusque
1685 2996 1968 3076 publicis.

223 3101 407 3178 Quod
449 3103 529 3163 ad
577 3103 968 3184 disciplinam
1000 3103 1336 3165 Orientalis
1382 3101 1679 3162 Ecclesiae
1722 3100 1968 3170 attinet,

221 3207 357 3288 ipse
377 3209 673 3269 Pontifex
700 3215 880 3270 motu
908 3209 1164 3290 proprio
1195 3207 1534 3267 maximam
1563 3204 1808 3264 induxit
1837 3225 1972 3263 mu-

226 3311 550 3383 tationem,
585 3312 734 3372 dum
773 3313 891 3374 sibi
928 3312 1050 3394 ipsi
1079 3311 1538 3392 Episcoporum
1569 3306 1977 3387 assumpserit

225 3415 672 3496 promotiones.
761 3415 903 3477 Hoc
945 3413 1316 3476 inconsultis
1361 3412 1509 3474 fecit
1552 3410 1971 3478 Orientalibus

1088 3537 1133 3575 Μ
