2236 3814
1097 261 1180 318 44

283 421 720 495 definitionem,
768 423 847 482 ad
904 421 1327 483 moderamina
1373 423 1451 483 ab
1491 421 1853 502 unaquaque
1895 422 2015 483 Re·-

281 526 527 606 publica
572 527 938 598 adhibenda,
989 527 1068 586 ad
1113 532 1288 586 actus
1338 526 1617 606 publicos
1673 526 1790 611 rite
1849 514 2036 586 cohi-v

278 629 537 703 bendos,
599 632 679 690 ad
734 631 1157 711 impensarum
1224 630 1503 691 rationes
1573 630 2012 710 inspiciendas„

281 733 360 792 ad
391 734 614 806 omnia,
647 734 939 805 breviter,
973 755 1109 813 quae
1155 734 1359 793 minus
1389 733 1584 804 utilia,
1613 733 1805 811 justa,
1845 731 2015 792 licita

282 836 427 908 sint,
455 837 863 917 impedienda.
949 838 1083 917 Ipsi
1114 857 1355 916 semper
1382 842 1668 907 restaret,
1701 842 1774 894 ut
1805 842 2012 895 osten-

281 939 473 1010 deret,
535 941 918 1019 alterumque
991 940 1141 1000 scite
1212 938 1658 1018 interrogando
1731 938 2015 998 confiteri

280 1049 549 1122 cogeret,
573 1065 649 1103 ex
673 1064 792 1122 quo
810 1050 1090 1123 tempore
1113 1043 1479 1103 vocabulum
1500 1042 1672 1102 istud
1689 1042 2013 1120 vulgatum

280 1143 380 1215 sit,
402 1166 598 1224 genus
616 1146 956 1205 humanum
974 1146 1037 1204 in
1057 1145 1326 1205 deterius
1347 1151 1815 1205 commutatum.
1871 1145 2012 1205 Hoc

275 1247 461 1305 modo
492 1248 912 1308 adversarium
942 1249 1337 1308 convinceret
1368 1254 1431 1307 et
1462 1247 1829 1318 confutaret,
1862 1247 2011 1305 dum

279 1347 458 1407 simul
481 1350 868 1410 demonstrat
898 1349 1414 1429 amphibologiam
1443 1371 1571 1409 non
1599 1349 2011 1428 perfectarum

276 1470 432 1523 esse,
467 1454 576 1511 sed
607 1453 1023 1513 deficientium
1050 1452 1307 1511 humani
1335 1452 1566 1531 ingenii
1594 1451 1838 1511 virium.

360 1554 536 1614 Licet
592 1555 860 1616 indoctis
926 1556 1243 1635 doctisque
1315 1556 1598 1626 condere,
1661 1556 2011 1635 scriptoque

271 1659 585 1731 mandare,
621 1661 997 1720 sententias:
1049 1666 1115 1719 at
1159 1658 1477 1740 proposita
1521 1659 1637 1718 sibi
1668 1660 2010 1738 quaestione

274 1761 486 1820 statim
545 1764 1012 1823 omnes—docti
1068 1763 1302 1843 pariter
1358 1762 2009 1841 indoctique—animo

275 1864 515 1926 confusi
543 1865 888 1926 haerebunt.

353 1967 498 2028 Non
522 1970 639 2029 alia
669 1977 765 2030 est
793 1971 1049 2050 loquelae
1077 1970 1257 2040 ratio,
1281 1969 1398 2028 alia
1426 1969 1761 2049 loquentis:
1796 1969 2008 2030 forsan

270 2076 485 2150 turpes
514 2072 701 2132 rectis
729 2073 934 2133 verbis
956 2078 1215 2132 utantur
1238 2094 1250 2131 :
1292 2079 1357 2131 at
1379 2073 1550 2132 nulla
1579 2093 1734 2152 gens
1763 2073 2010 2152 integra

271 2175 565 2246 manebit,
614 2196 895 2236 sermone
939 2181 1251 2255 corrupto.
1342 2175 1647 2235 Terminis
1689 2197 1817 2236 non
1860 2177 2007 2237 defi-

271 2278 439 2350 nitis,
466 2280 636 2338 nulla
661 2278 1075 2339 Scientiarum
1103 2279 1513 2339 humanarum
1535 2281 1793 2351 cultura,
1817 2280 2008 2340 immo

272 2382 456 2440 nullae
488 2380 794 2441 Scientiae.
885 2381 1103 2460 Neque
1133 2382 1259 2439 ulla
1278 2381 1410 2440 Lex
1440 2382 1693 2460 obligat,
1726 2383 2006 2442 terminis

271 2484 518 2543 minime
546 2485 848 2564 legalibus
880 2489 1190 2543 contexta.
1267 2483 1440 2543 Fidei
1470 2505 1713 2563 quoque
1742 2485 2007 2546 Articuli

270 2587 334 2646 in
364 2588 641 2647 terminis
673 2587 1034 2647 definiendis
1063 2588 1316 2667 prorsus
1347 2587 1714 2648 consistunt.

355 2691 398 2751 J
400 2713 500 2751 am
527 2691 673 2752 vero
705 2697 1090 2770 compertum
1131 2692 1449 2763 habemus,
1482 2712 1678 2752 novos
1709 2693 2006 2753 terminos

269 2793 334 2852 in
357 2795 563 2854 omnia
585 2794 854 2873 Europae
876 2793 1173 2853 idiomata
1193 2814 1327 2854 esse
1346 2794 1756 2866 introductos,
1785 2795 2006 2874 quibus

271 2898 529 2976 singulis
561 2898 787 2977 duplex
832 2897 1128 2956 tribuitur
1168 2897 1575 2976 significati03
1624 2898 1772 2955 dum
1823 2897 2006 2957 simul

258 3002 390 3080 jam
411 3000 732 3060 ‘hesitatur
774 2999 976 3078 aliquo
1029 3000 1233 3070 mod0,
1283 3000 1471 3058 etiam
1514 2999 1678 3060 circa
1721 3021 1794 3060 ea
1835 3000 2003 3080 prin-

269 3103 427 3184 cipia
457 3124 592 3184 quae
623 3103 768 3163 olim
797 3123 910 3182 pro
943 3102 1302 3162 certissimis
1332 3103 1745 3162 habebantur.

350 3206 527 3266 Inter
573 3228 646 3267 ea
696 3226 832 3286 quae
881 3204 1063 3266 modo
1122 3205 1408 3276 diximus,
1459 3205 1724 3284 aliquam
1785 3207 2004 3266 saltem

269 3309 403 3370 dari
445 3310 917 3381 connexionem,
978 3329 1055 3368 ex
1113 3308 1342 3388 duplici
1411 3308 1585 3369 fonte
1650 3310 1999 3390 colligitur:

267 3413 419 3484 fieri,
478 3412 750 3493 inquam,
809 3411 1043 3492 nequit,
1093 3411 1240 3491 quin
1293 3432 1515 3473 vocum
1573 3412 1998 3492 ambiguarum
