2236 3814
1156 206 1231 266 78

313 390 432 448 que
462 370 666 429 cibum
694 370 1138 451 materiamque
1179 372 1518 452 reperiunt.
1607 372 1686 432 Id
1714 374 1880 453 quod
1907 394 2049 454 pro-

313 473 491 552 ponit
560 472 813 535 SUMMUS
885 476 1190 535 PONTJFEX
1261 475 1574 537 Gubernia
1643 478 1916 557 percutit
1989 484 2054 538 et

315 577 689 648 sodalitateS,
722 578 1082 638 Ministrum
1113 579 1313 649 simul,
1339 585 1403 638 et
1430 579 1658 639 infimae
1691 580 1895 660 Caput
1924 581 2049 641 fac-

313 679 520 752 tionis,
553 682 835 761 ampliori
877 682 1187 742 inhiantes
1234 683 1634 743 auctoritati:
1684 683 1833 763 quin
1863 684 2051 743 etiam

314 805 526 869 omnes
574 786 794 864 quibus
843 786 1015 845 cordi
1066 795 1214 846 sunt
1263 806 1363 845 res
1415 807 1613 858 novae,
1665 808 2050 866 quaecunque

313 886 560 946 demum
589 888 706 947 illae
738 888 897 959 sint3
946 909 1050 948 eos
1077 889 1356 968 denique,
1381 910 1508 949 non
1528 890 1709 969 parvi
1730 890 2048 970 ponderiS,

313 990 416 1069 qui
472 991 538 1049 in
589 991 750 1051 foliis
795 992 1058 1071 publicis
1122 994 1364 1053 novella
1412 993 1760 1066 venditant,
1816 994 2051 1054 scelera

310 1093 595 1154 videlicet
627 1101 689 1154 et
721 1095 1074 1156 seditiones

395 1197 701 1257 Beneficia
755 1198 899 1257 hinc
957 1200 1302 1258 obventura
1367 1205 1607 1258 remota
1675 1198 1924 1277 quidem
1988 1207 2052 1259 et

312 1302 573 1361 obscura
601 1301 796 1361 videri
824 1308 1090 1381 possunt
1124 1301 1366 1380 ingenti
1407 1302 1497 1359 illi
1538 1301 1864 1360 hominum
1892 1303 2049 1360 mul-

309 1404 581 1475 titudini,
648 1404 811 1464 bona
883 1406 992 1465 sed
1065 1405 1240 1484 segni
1309 1405 1515 1464 indole
1585 1405 1883 1484 praeditae,
1946 1406 2053 1485 qui

310 1528 575 1567 messem
628 1509 857 1567 debent
908 1510 1243 1567 dimetere:
1311 1508 1449 1568 istis
1509 1514 1737 1581 autem,
1790 1530 2050 1570 numero

309 1612 716 1691 paucissimis,
751 1613 855 1691 qui
900 1620 1138 1672 ceteros
1182 1619 1453 1684 movent,
1499 1620 1753 1674 versant
1795 1620 2049 1693 regunt-

310 1737 447 1795 que,
482 1718 776 1775 damnum
819 1718 1032 1796 utique
1076 1717 1473 1776 manifestum
1516 1717 1830 1777 videbitur
1859 1725 1922 1776 et
1951 1718 2045 1776 in-

314 1825 505 1878 stans,
567 1820 687 1878 Isti
709 1821 889 1899 plane
911 1820 1287 1899 perspicient
1319 1819 1384 1878 in
1408 1820 1579 1879 omni
1610 1826 1839 1879 conatu
1861 1820 2048 1900 Legis

308 1924 730 1994 restituendae,
766 1944 942 1983 suam
970 1924 1249 2004 ipsorum
1280 1931 1476 1983 artem
1505 1924 1862 2004 periclitari.

395 2025 928 2086 Communitatum
970 2048 1094 2106 pax
1137 2034 1200 2087 et
1232 2027 1646 2098 incolumitas,
1678 2048 1924 2087 necnon
1957 2028 2048 2086 in-

308 2131 592 2190 tellectus
632 2131 1017 2210 singulorum
1062 2122 1124 2189 et
1167 2131 1446 2210 probitas
1489 2151 1743 2210 pessum
1774 2131 1923 2190 data
1953 2137 2051 2190 est

306 2255 418 2313 per
446 2234 606 2293 hanc
631 2234 806 2314 quasi
826 2234 1177 2313 judicialem
1198 2234 1576 2294 caecitatem:
1624 2234 1807 2293 hodie
1829 2255 2050 2313 nempe

307 2359 627 2416 nunquam
675 2338 988 2415 cogitatur
1019 2338 1092 2396 de
1123 2338 1322 2416 poenis
1356 2338 1671 2396 sumendis
1711 2338 1787 2396 de
1827 2337 1903 2396 iis
1945 2337 2050 2416 qui

307 2440 742 2499 Ministrorum
792 2440 1151 2499 muneribus
1186 2440 1251 2498 in
1294 2439 1632 2519 Republica
1675 2439 2044 2518 funguntur.

309 2544 586 2618 Quidni?
631 2543 899 2602 militum
926 2543 1143 2603 lacerti
1173 2543 1228 2602 ei
1259 2543 1618 2602 deserviunt
1639 2543 1744 2622 qui
1772 2543 1836 2601 in
1860 2544 2047 2603 rebus

305 2648 571 2727 politicis
604 2648 928 2707 consilium
957 2647 1210 2725 praebet.
1273 2647 1414 2706 Hoc
1446 2645 1682 2706 scilicet
1702 2647 1833 2726 jam
1863 2646 2050 2705 militi

305 2751 646 2831 imponitur
669 2750 935 2810 officium
957 2756 1030 2809 ut
1057 2750 1337 2810 homines
1362 2771 1763 2829 quoscunque
1773 2750 2043 2829 jugulet,

308 2855 519 2914 statim
549 2861 800 2934 accepto
830 2853 1263 2913 Ministrorum
1305 2854 1597 2913 mandato
1622 2876 1635 2912 :
1684 2874 1826 2913 cum
1856 2873 1922 2912 se
1951 2873 2046 2912 sa·
2114 2910 2120 2912 ,

306 2965 622 3019 eramento
664 2957 1065 3018 obstrinxerit
1108 2956 1578 3036 obtemperandi
1621 2955 1688 3015 in
1735 2956 1810 3015 iis
1845 2962 1883 2989 ‘⁶
1909 2976 2047 3036 quae

304 3063 467 3122 licite
509 3053 916 3142 jubeantur,''
966 3061 1151 3121 etiam
1193 3060 1259 3119 in
1302 3059 1530 3120 illicitis
1575 3059 1803 3119 obedit.
1895 3058 2046 3134 Quae

306 3188 448 3226 cum
475 3167 566 3226 ita
594 3172 824 3237 essent,
858 3164 1093 3245 sperari
1136 3163 1418 3243 equidem
1451 3168 1666 3242 posset
1694 3169 1766 3222 ut
1797 3162 2046 3242 speciali

307 3268 570 3347 quadam
628 3269 958 3330 severitate
1021 3266 1475 3327 trutinarentur
1532 3272 1710 3326 actus
1767 3265 2045 3326 Ministri

305 3373 559 3453 politici,
606 3373 698 3433 ita
751 3380 825 3434 ut
875 3373 951 3433 de
1005 3372 1190 3433 rebus
1247 3370 1442 3451 gestis
1494 3370 1716 3432 saltem
1770 3369 1825 3430 ii.
1863 3366 2042 3450 plene
