<?xml version="1.0" encoding="UTF-8"?>
<!DOCTYPE html PUBLIC "-//W3C//DTD XHTML 1.0 Transitional//EN"
    "http://www.w3.org/TR/xhtml1/DTD/xhtml1-transitional.dtd">
<html xmlns="http://www.w3.org/1999/xhtml" xml:lang="en" lang="en">
 <head>
  <title>
</title>
<meta http-equiv="Content-Type" content="text/html;charset=utf-8" />
  <meta name='ocr-system' content='tesseract 3.04.00' />
  <meta name='ocr-capabilities' content='ocr_page ocr_carea ocr_par ocr_line ocrx_word'/>
</head>
<body>
  <div class='ocr_page' id='page_1' title='image "a611530900urquuoft_0020.png"; bbox 0 0 2236 3814; ppageno 0'>
   <div class='ocr_carea' id='block_1_1' title="bbox 1139 242 1216 300">
    <p class='ocr_par' dir='ltr' id='par_1_1' title="bbox 1139 242 1216 300">
     <span class='ocr_line' id='line_1_1' title="bbox 1139 242 1216 300; baseline 0 0"><span class='ocrx_word' id='word_1_1' title='bbox 1139 242 1216 300; x_wconf 85' lang='grc'>16</span> 
     </span>
    </p>
   </div>
   <div class='ocr_carea' id='block_1_2' title="bbox 304 404 2045 3474">
    <p class='ocr_par' dir='ltr' id='par_1_2' title="bbox 307 404 2045 2437">
     <span class='ocr_line' id='line_1_2' title="bbox 321 404 2044 479; baseline 0.003 -17"><span class='ocrx_word' id='word_1_2' title='bbox 321 404 620 476; x_wconf 70' lang='lat' dir='ltr'>rationali,</span> <span class='ocrx_word' id='word_1_3' title='bbox 652 405 931 466; x_wconf 88' lang='lat' dir='ltr'>veritatis</span> <span class='ocrx_word' id='word_1_4' title='bbox 960 407 1260 467; x_wconf 75' lang='lat' dir='ltr'>habendae</span> <span class='ocrx_word' id='word_1_5' title='bbox 1284 428 1301 479; x_wconf 91' lang='lat'>;</span> <span class='ocrx_word' id='word_1_6' title='bbox 1349 427 1425 467; x_wconf 83' lang='lat' dir='ltr'>ex</span> <span class='ocrx_word' id='word_1_7' title='bbox 1453 407 1570 468; x_wconf 85' lang='lat' dir='ltr'>hoc</span> <span class='ocrx_word' id='word_1_8' title='bbox 1600 408 1764 468; x_wconf 92' lang='lat' dir='ltr'>enim</span> <span class='ocrx_word' id='word_1_9' title='bbox 1793 407 2044 468; x_wconf 91' lang='lat' dir='ltr'>elaterio</span> 
     </span>
     <span class='ocr_line' id='line_1_3' title="bbox 319 508 2042 589; baseline 0.002 -23"><span class='ocrx_word' id='word_1_10' title='bbox 319 508 527 567; x_wconf 87' lang='lat' dir='ltr'>caeteri</span> <span class='ocrx_word' id='word_1_11' title='bbox 555 515 761 568; x_wconf 91' lang='lat' dir='ltr'>motus</span> <span class='ocrx_word' id='word_1_12' title='bbox 794 509 1093 589; x_wconf 83' lang='lat' dir='ltr'>originem</span> <span class='ocrx_word' id='word_1_13' title='bbox 1124 510 1378 570; x_wconf 90' lang='lat' dir='ltr'>ducunt.</span> <span class='ocrx_word' id='word_1_14' title='bbox 1465 510 1786 571; x_wconf 73' lang='lat' dir='ltr'><strong>Virtutum</strong></span> <span class='ocrx_word' id='word_1_15' title='bbox 1809 510 2042 571; x_wconf 87' lang='lat' dir='ltr'>unicui-</span> 
     </span>
     <span class='ocr_line' id='line_1_4' title="bbox 318 613 2043 694; baseline 0.002 -24"><span class='ocrx_word' id='word_1_16' title='bbox 318 632 435 690; x_wconf 93' lang='lat' dir='ltr'>que</span> <span class='ocrx_word' id='word_1_17' title='bbox 467 633 647 672; x_wconf 90' lang='lat' dir='ltr'>suum</span> <span class='ocrx_word' id='word_1_18' title='bbox 677 619 782 694; x_wconf 91' lang='lat' dir='ltr'>est</span> <span class='ocrx_word' id='word_1_19' title='bbox 802 614 1180 674; x_wconf 88' lang='lat' dir='ltr'>contrarium</span> <span class='ocrx_word' id='word_1_20' title='bbox 1207 614 1427 675; x_wconf 89' lang='lat' dir='ltr'>vitium</span> <span class='ocrx_word' id='word_1_21' title='bbox 1452 636 1467 685; x_wconf 94' lang='lat'>;</span> <span class='ocrx_word' id='word_1_22' title='bbox 1511 635 1582 674; x_wconf 87' lang='lat' dir='ltr'>ac</span> <span class='ocrx_word' id='word_1_23' title='bbox 1610 613 1872 693; x_wconf 86' lang='lat' dir='ltr'>proinde</span> <span class='ocrx_word' id='word_1_24' title='bbox 1898 613 2043 674; x_wconf 86' lang='lat' dir='ltr'>huic</span> 
     </span>
     <span class='ocr_line' id='line_1_5' title="bbox 318 699 2040 797; baseline 0.001 -23"><span class='ocrx_word' id='word_1_25' title='bbox 318 715 618 775; x_wconf 88' lang='lat' dir='ltr'>desiderio</span> <span class='ocrx_word' id='word_1_26' title='bbox 651 717 924 776; x_wconf 90' lang='lat' dir='ltr'>omnium</span> <span class='ocrx_word' id='word_1_27' title='bbox 955 717 1178 797; x_wconf 92' lang='lat' dir='ltr'>quippe</span> <span class='ocrx_word' id='word_1_28' title='bbox 1208 717 1365 777; x_wconf 86' lang='lat' dir='ltr'>fonti</span> <span class='ocrx_word' id='word_1_29' title='bbox 1383 724 1446 776; x_wconf 91' lang='lat' dir='ltr'>et</span> <span class='ocrx_word' id='word_1_30' title='bbox 1475 717 1699 796; x_wconf 87' lang='lat' dir='ltr'>origini</span> <span class='ocrx_word' id='word_1_31' title='bbox 1716 699 2040 787; x_wconf 85' lang='lat' dir='ltr'>virtutum,</span> 
     </span>
     <span class='ocr_line' id='line_1_6' title="bbox 315 819 2043 900; baseline 0.002 -23"><span class='ocrx_word' id='word_1_32' title='bbox 315 839 567 878; x_wconf 86' lang='lat' dir='ltr'>necesse</span> <span class='ocrx_word' id='word_1_33' title='bbox 590 827 686 878; x_wconf 91' lang='lat' dir='ltr'>est</span> <span class='ocrx_word' id='word_1_34' title='bbox 715 827 787 878; x_wconf 94' lang='lat' dir='ltr'>ut</span> <span class='ocrx_word' id='word_1_35' title='bbox 818 820 1016 879; x_wconf 88' lang='lat' dir='ltr'>omnis</span> <span class='ocrx_word' id='word_1_36' title='bbox 1038 821 1181 886; x_wconf 85' lang='lat' dir='ltr'>mali</span> <span class='ocrx_word' id='word_1_37' title='bbox 1210 821 1347 880; x_wconf 89' lang='lat' dir='ltr'>fons</span> <span class='ocrx_word' id='word_1_38' title='bbox 1380 827 1746 900; x_wconf 89' lang='lat' dir='ltr'>opponatur.</span> <span class='ocrx_word' id='word_1_39' title='bbox 1836 819 2043 900; x_wconf 92' lang='lat' dir='ltr'>Oppo-</span> 
     </span>
     <span class='ocr_line' id='line_1_7' title="bbox 314 921 2043 1003; baseline 0.002 -25"><span class='ocrx_word' id='word_1_40' title='bbox 314 921 485 979; x_wconf 89' lang='lat' dir='ltr'>nitur</span> <span class='ocrx_word' id='word_1_41' title='bbox 514 922 725 1001; x_wconf 88' lang='lat' dir='ltr'>utique</span> <span class='ocrx_word' id='word_1_42' title='bbox 772 923 958 982; x_wconf 91' lang='lat' dir='ltr'>timor</span> <span class='ocrx_word' id='word_1_43' title='bbox 987 924 1109 992; x_wconf 89' lang='lat' dir='ltr'>ille,</span> <span class='ocrx_word' id='word_1_44' title='bbox 1143 944 1262 1002; x_wconf 92' lang='lat' dir='ltr'>quo</span> <span class='ocrx_word' id='word_1_45' title='bbox 1294 923 1550 982; x_wconf 84' lang='lat' dir='ltr'>timetur</span> <span class='ocrx_word' id='word_1_46' title='bbox 1578 944 1656 982; x_wconf 92' lang='lat' dir='ltr'>ne</span> <span class='ocrx_word' id='word_1_47' title='bbox 1686 922 1844 982; x_wconf 73' lang='lat' dir='ltr'>sorte</span> <span class='ocrx_word' id='word_1_48' title='bbox 1873 929 2043 1003; x_wconf 90' lang='lat' dir='ltr'>pate-</span> 
     </span>
     <span class='ocr_line' id='line_1_8' title="bbox 315 1023 2041 1104; baseline 0.001 -23"><span class='ocrx_word' id='word_1_49' title='bbox 315 1023 424 1082; x_wconf 87' lang='lat' dir='ltr'>fiat</span> <span class='ocrx_word' id='word_1_50' title='bbox 472 1035 643 1084; x_wconf 86' lang='lat' dir='ltr'>error</span> <span class='ocrx_word' id='word_1_51' title='bbox 691 1026 1111 1104; x_wconf 84' lang='lat' dir='ltr'>deprehensus</span> <span class='ocrx_word' id='word_1_52' title='bbox 1133 1048 1148 1096; x_wconf 94' lang='lat'>;</span> <span class='ocrx_word' id='word_1_53' title='bbox 1196 1026 1313 1096; x_wconf 87' lang='lat' dir='ltr'>vel,</span> <span class='ocrx_word' id='word_1_54' title='bbox 1350 1032 1423 1084; x_wconf 93' lang='lat' dir='ltr'>ut</span> <span class='ocrx_word' id='word_1_55' title='bbox 1470 1026 1602 1085; x_wconf 91' lang='lat' dir='ltr'>aliis</span> <span class='ocrx_word' id='word_1_56' title='bbox 1631 1025 1836 1085; x_wconf 89' lang='lat' dir='ltr'>verbis</span> <span class='ocrx_word' id='word_1_57' title='bbox 1879 1032 2041 1096; x_wconf 91' lang='lat' dir='ltr'>utar,</span> 
     </span>
     <span class='ocr_line' id='line_1_9' title="bbox 315 1128 2045 1209; baseline 0.001 -23"><span class='ocrx_word' id='word_1_58' title='bbox 315 1128 686 1187; x_wconf 87' lang='lat' dir='ltr'>desiderium</span> <span class='ocrx_word' id='word_1_59' title='bbox 738 1129 1064 1188; x_wconf 83' lang='lat' dir='ltr'>exhibendi</span> <span class='ocrx_word' id='word_1_60' title='bbox 1116 1150 1181 1189; x_wconf 94' lang='lat' dir='ltr'>se</span> <span class='ocrx_word' id='word_1_61' title='bbox 1225 1129 1450 1188; x_wconf 86' lang='lat' dir='ltr'>erroris</span> <span class='ocrx_word' id='word_1_62' title='bbox 1500 1136 1834 1209; x_wconf 83' lang='lat' dir='ltr'>expertem.</span> <span class='ocrx_word' id='word_1_63' title='bbox 1925 1128 2045 1204; x_wconf 80' lang='lat' dir='ltr'>Qui</span> 
     </span>
     <span class='ocr_line' id='line_1_10' title="bbox 312 1228 2042 1312; baseline 0.002 -24"><span class='ocrx_word' id='word_1_64' title='bbox 312 1231 456 1289; x_wconf 91' lang='lat' dir='ltr'>huic</span> <span class='ocrx_word' id='word_1_65' title='bbox 506 1232 789 1311; x_wconf 84' lang='lat' dir='ltr'>indulget</span> <span class='ocrx_word' id='word_1_66' title='bbox 841 1231 1163 1302; x_wconf 88' lang='lat' dir='ltr'>desiderio,</span> <span class='ocrx_word' id='word_1_67' title='bbox 1213 1232 1387 1290; x_wconf 91' lang='lat' dir='ltr'>illum</span> <span class='ocrx_word' id='word_1_68' title='bbox 1450 1228 1732 1303; x_wconf 74' lang='grc' dir='ltr'>φίλαυτον</span> <span class='ocrx_word' id='word_1_69' title='bbox 1777 1233 2042 1312; x_wconf 89' lang='lat' dir='ltr'>appella-</span> 
     </span>
     <span class='ocr_line' id='line_1_11' title="bbox 313 1335 2041 1414; baseline 0.001 -22"><span class='ocrx_word' id='word_1_70' title='bbox 313 1355 488 1394; x_wconf 90' lang='lat' dir='ltr'>mus:</span> <span class='ocrx_word' id='word_1_71' title='bbox 539 1336 705 1413; x_wconf 89' lang='lat' dir='ltr'>quod</span> <span class='ocrx_word' id='word_1_72' title='bbox 751 1336 855 1414; x_wconf 90' lang='lat' dir='ltr'>qui</span> <span class='ocrx_word' id='word_1_73' title='bbox 903 1335 1164 1393; x_wconf 87' lang='lat' dir='ltr'>audiunt</span> <span class='ocrx_word' id='word_1_74' title='bbox 1194 1335 1494 1406; x_wconf 79' lang='lat' dir='ltr'>homineS,</span> <span class='ocrx_word' id='word_1_75' title='bbox 1529 1335 1878 1395; x_wconf 88' lang='lat' dir='ltr'>conditione</span> <span class='ocrx_word' id='word_1_76' title='bbox 1908 1355 2041 1395; x_wconf 87' lang='lat' dir='ltr'>ver-</span> 
     </span>
     <span class='ocr_line' id='line_1_12' title="bbox 315 1437 2041 1518; baseline 0.002 -22"><span class='ocrx_word' id='word_1_77' title='bbox 315 1445 532 1496; x_wconf 87' lang='lat' dir='ltr'>santur</span> <span class='ocrx_word' id='word_1_78' title='bbox 563 1439 838 1497; x_wconf 87' lang='lat' dir='ltr'>omnium</span> <span class='ocrx_word' id='word_1_79' title='bbox 868 1437 1168 1516; x_wconf 72' lang='lat' dir='ltr'>pessima:</span> <span class='ocrx_word' id='word_1_80' title='bbox 1207 1438 1312 1496; x_wconf 91' lang='lat' dir='ltr'>illo</span> <span class='ocrx_word' id='word_1_81' title='bbox 1343 1445 1551 1497; x_wconf 89' lang='lat' dir='ltr'>autem</span> <span class='ocrx_word' id='word_1_82' title='bbox 1583 1438 1762 1517; x_wconf 85' lang='lat' dir='ltr'>signo</span> <span class='ocrx_word' id='word_1_83' title='bbox 1785 1438 2041 1518; x_wconf 43' lang='lat' dir='ltr'>,dignos-</span> 
     </span>
     <span class='ocr_line' id='line_1_13' title="bbox 313 1540 2038 1620; baseline -0.001 -20"><span class='ocrx_word' id='word_1_84' title='bbox 313 1541 493 1611; x_wconf 88' lang='lat' dir='ltr'>citur,</span> <span class='ocrx_word' id='word_1_85' title='bbox 541 1561 680 1599; x_wconf 90' lang='lat' dir='ltr'>cum</span> <span class='ocrx_word' id='word_1_86' title='bbox 729 1542 890 1620; x_wconf 75' lang='lat' dir='ltr'>aegre</span> <span class='ocrx_word' id='word_1_87' title='bbox 931 1540 1127 1599; x_wconf 90' lang='lat' dir='ltr'>fertur</span> <span class='ocrx_word' id='word_1_88' title='bbox 1172 1540 1408 1620; x_wconf 91' lang='lat' dir='ltr'>proprii</span> <span class='ocrx_word' id='word_1_89' title='bbox 1433 1541 1679 1606; x_wconf 51' lang='lat' dir='ltr'>‚erroris</span> <span class='ocrx_word' id='word_1_90' title='bbox 1724 1541 2038 1602; x_wconf 89' lang='lat' dir='ltr'>indicatio.</span> 
     </span>
     <span class='ocr_line' id='line_1_14' title="bbox 314 1644 2039 1724; baseline -0.001 -19"><span class='ocrx_word' id='word_1_91' title='bbox 314 1644 706 1705; x_wconf 68' lang='lat' dir='ltr'>Conscientia</span> <span class='ocrx_word' id='word_1_92' title='bbox 734 1666 955 1724; x_wconf 83' lang='lat' dir='ltr'>nempe</span> <span class='ocrx_word' id='word_1_93' title='bbox 986 1644 1136 1704; x_wconf 77' lang='lat' dir='ltr'>adeo</span> <span class='ocrx_word' id='word_1_94' title='bbox 1179 1645 1573 1724; x_wconf 87' lang='lat' dir='ltr'>pervertitur,</span> <span class='ocrx_word' id='word_1_95' title='bbox 1605 1651 1678 1703; x_wconf 94' lang='lat' dir='ltr'>ut</span> <span class='ocrx_word' id='word_1_96' title='bbox 1721 1667 1758 1704; x_wconf 91' lang='lat' dir='ltr'>a</span> <span class='ocrx_word' id='word_1_97' title='bbox 1777 1645 2039 1724; x_wconf 69' lang='lat' dir='ltr'>justitia,</span> 
     </span>
     <span class='ocr_line' id='line_1_15' title="bbox 311 1747 2041 1818; baseline 0 -10"><span class='ocrx_word' id='word_1_98' title='bbox 311 1749 411 1808; x_wconf 88' lang='lat' dir='ltr'>cui</span> <span class='ocrx_word' id='word_1_99' title='bbox 434 1748 803 1807; x_wconf 87' lang='lat' dir='ltr'>adminiculo</span> <span class='ocrx_word' id='word_1_100' title='bbox 835 1768 970 1807; x_wconf 87' lang='grc'>6886</span> <span class='ocrx_word' id='word_1_101' title='bbox 1001 1749 1204 1818; x_wconf 93' lang='lat' dir='ltr'>debet,</span> <span class='ocrx_word' id='word_1_102' title='bbox 1231 1748 1578 1807; x_wconf 91' lang='lat' dir='ltr'>abhorreat.</span> <span class='ocrx_word' id='word_1_103' title='bbox 1668 1747 1809 1808; x_wconf 84' lang='lat' dir='ltr'>Hoc</span> <span class='ocrx_word' id='word_1_104' title='bbox 1828 1749 2041 1808; x_wconf 89' lang='lat' dir='ltr'>morbo</span> 
     </span>
     <span class='ocr_line' id='line_1_16' title="bbox 310 1850 2042 1931; baseline 0.001 -21"><span class='ocrx_word' id='word_1_105' title='bbox 310 1853 555 1911; x_wconf 89' lang='lat' dir='ltr'>laborat</span> <span class='ocrx_word' id='word_1_106' title='bbox 599 1859 891 1911; x_wconf 90' lang='lat' dir='ltr'>nostrum</span> <span class='ocrx_word' id='word_1_107' title='bbox 940 1852 1250 1922; x_wconf 73' lang='lat' dir='ltr'>saeculum,</span> <span class='ocrx_word' id='word_1_108' title='bbox 1285 1871 1466 1929; x_wconf 91' lang='lat' dir='ltr'>quem</span> <span class='ocrx_word' id='word_1_109' title='bbox 1509 1850 1696 1910; x_wconf 81' lang='lat' dir='ltr'>rectis</span> <span class='ocrx_word' id='word_1_110' title='bbox 1740 1851 2042 1931; x_wconf 80' lang='lat' dir='ltr'>inspicere</span> 
     </span>
     <span class='ocr_line' id='line_1_17' title="bbox 311 1953 2041 2034; baseline 0 -21"><span class='ocrx_word' id='word_1_111' title='bbox 311 1956 603 2014; x_wconf 82' lang='lat' dir='ltr'>debemus</span> <span class='ocrx_word' id='word_1_112' title='bbox 635 1955 846 2025; x_wconf 90' lang='lat' dir='ltr'>oculis,</span> <span class='ocrx_word' id='word_1_113' title='bbox 881 1961 943 2013; x_wconf 93' lang='lat' dir='ltr'>et</span> <span class='ocrx_word' id='word_1_114' title='bbox 970 1975 1082 2034; x_wconf 88' lang='lat' dir='ltr'>pro</span> <span class='ocrx_word' id='word_1_115' title='bbox 1113 1975 1259 2014; x_wconf 85' lang='lat' dir='ltr'>vero</span> <span class='ocrx_word' id='word_1_116' title='bbox 1303 1954 1483 2013; x_wconf 90' lang='lat' dir='ltr'>hoste</span> <span class='ocrx_word' id='word_1_117' title='bbox 1525 1954 1751 2032; x_wconf 89' lang='lat' dir='ltr'>habere</span> <span class='ocrx_word' id='word_1_118' title='bbox 1796 1953 2041 2034; x_wconf 75' lang='lat' dir='ltr'>quicum</span> 
     </span>
     <span class='ocr_line' id='line_1_18' title="bbox 312 2056 2042 2136; baseline -0.001 -18"><span class='ocrx_word' id='word_1_119' title='bbox 312 2059 394 2118; x_wconf 91' lang='lat' dir='ltr'>sit</span> <span class='ocrx_word' id='word_1_120' title='bbox 452 2059 890 2129; x_wconf 88' lang='lat' dir='ltr'>dimicandum,</span> <span class='ocrx_word' id='word_1_121' title='bbox 953 2077 1339 2136; x_wconf 89' lang='lat' dir='ltr'>quocumque</span> <span class='ocrx_word' id='word_1_122' title='bbox 1398 2056 1644 2115; x_wconf 77' lang='lat' dir='ltr'>demum</span> <span class='ocrx_word' id='word_1_123' title='bbox 1703 2077 1767 2116; x_wconf 92' lang='lat' dir='ltr'>se</span> <span class='ocrx_word' id='word_1_124' title='bbox 1830 2063 2042 2136; x_wconf 83' lang='lat' dir='ltr'>tegere</span> 
     </span>
     <span class='ocr_line' id='line_1_19' title="bbox 308 2159 2038 2240; baseline -0.001 -19"><span class='ocrx_word' id='word_1_125' title='bbox 308 2162 459 2221; x_wconf 89' lang='lat' dir='ltr'>velit</span> <span class='ocrx_word' id='word_1_126' title='bbox 505 2162 710 2240; x_wconf 92' lang='lat' dir='ltr'>pallio,</span> <span class='ocrx_word' id='word_1_127' title='bbox 765 2167 975 2219; x_wconf 89' lang='lat' dir='ltr'>utrum</span> <span class='ocrx_word' id='word_1_128' title='bbox 1023 2182 1099 2219; x_wconf 80' lang='lat' dir='ltr'>ex</span> <span class='ocrx_word' id='word_1_129' title='bbox 1146 2159 1537 2239; x_wconf 90' lang='lat' dir='ltr'>opinionibus</span> <span class='ocrx_word' id='word_1_130' title='bbox 1587 2160 1662 2219; x_wconf 90' lang='lat' dir='ltr'>de</span> <span class='ocrx_word' id='word_1_131' title='bbox 1707 2159 2038 2239; x_wconf 70' lang='lat' dir='ltr'>republica,</span> 
     </span>
     <span class='ocr_line' id='line_1_20' title="bbox 310 2262 2037 2345; baseline -0.002 -21"><span class='ocrx_word' id='word_1_132' title='bbox 310 2287 388 2324; x_wconf 92' lang='lat' dir='ltr'>an</span> <span class='ocrx_word' id='word_1_133' title='bbox 435 2265 752 2345; x_wconf 87' lang='lat' dir='ltr'>principiis</span> <span class='ocrx_word' id='word_1_134' title='bbox 798 2263 1262 2343; x_wconf 78' lang='lat' dir='ltr'>philosophiciS,</span> <span class='ocrx_word' id='word_1_135' title='bbox 1296 2284 1375 2321; x_wconf 92' lang='lat' dir='ltr'>an</span> <span class='ocrx_word' id='word_1_136' title='bbox 1410 2262 1746 2341; x_wconf 82' lang='lat' dir='ltr'>Religionis</span> <span class='ocrx_word' id='word_1_137' title='bbox 1793 2263 2037 2322; x_wconf 90' lang='lat' dir='ltr'>simula-</span> 
     </span>
     <span class='ocr_line' id='line_1_21' title="bbox 307 2367 843 2437; baseline -0.006 -11"><span class='ocrx_word' id='word_1_138' title='bbox 307 2367 496 2437; x_wconf 89' lang='lat' dir='ltr'>tione,</span> <span class='ocrx_word' id='word_1_139' title='bbox 531 2373 843 2426; x_wconf 85' lang='lat' dir='ltr'>contexto.</span> 
     </span>
    </p>

    <p class='ocr_par' dir='ltr' id='par_1_3' title="bbox 304 2466 2038 3474">
     <span class='ocr_line' id='line_1_22' title="bbox 391 2466 2036 2546; baseline -0.001 -18"><span class='ocrx_word' id='word_1_140' title='bbox 391 2470 593 2530; x_wconf 87' lang='lat' dir='ltr'>Unius</span> <span class='ocrx_word' id='word_1_141' title='bbox 641 2468 943 2528; x_wconf 86' lang='lat' dir='ltr'>occisione</span> <span class='ocrx_word' id='word_1_142' title='bbox 989 2466 1254 2546; x_wconf 69' lang='lat' dir='ltr'>patrata,</span> <span class='ocrx_word' id='word_1_143' title='bbox 1289 2487 1503 2526; x_wconf 89' lang='lat' dir='ltr'>omnes</span> <span class='ocrx_word' id='word_1_144' title='bbox 1535 2466 1739 2527; x_wconf 87' lang='lat' dir='ltr'>animo</span> <span class='ocrx_word' id='word_1_145' title='bbox 1770 2487 2036 2528; x_wconf 90' lang='lat' dir='ltr'>commo-</span> 
     </span>
     <span class='ocr_line' id='line_1_23' title="bbox 306 2570 2035 2649; baseline -0.002 -15"><span class='ocrx_word' id='word_1_146' title='bbox 306 2573 455 2643; x_wconf 86' lang='lat' dir='ltr'>veri,</span> <span class='ocrx_word' id='word_1_147' title='bbox 507 2593 682 2633; x_wconf 88' lang='lat' dir='ltr'>reum</span> <span class='ocrx_word' id='word_1_148' title='bbox 727 2570 1179 2649; x_wconf 77' lang='lat' dir='ltr'>indignabundi</span> <span class='ocrx_word' id='word_1_149' title='bbox 1224 2570 1534 2649; x_wconf 83' lang='lat' dir='ltr'>vestigiis</span> <span class='ocrx_word' id='word_1_150' title='bbox 1563 2571 1873 2649; x_wconf 89' lang='lat' dir='ltr'>consequi,</span> <span class='ocrx_word' id='word_1_151' title='bbox 1935 2572 2035 2631; x_wconf 91' lang='lat' dir='ltr'>de-</span> 
     </span>
     <span class='ocr_line' id='line_1_24' title="bbox 306 2672 2038 2756; baseline -0.001 -22"><span class='ocrx_word' id='word_1_152' title='bbox 306 2675 705 2756; x_wconf 88' lang='lat' dir='ltr'>prehendere,</span> <span class='ocrx_word' id='word_1_153' title='bbox 766 2674 1051 2753; x_wconf 87' lang='lat' dir='ltr'>plectere.</span> <span class='ocrx_word' id='word_1_154' title='bbox 1144 2672 1302 2733; x_wconf 80' lang='lat' dir='ltr'>Sunt</span> <span class='ocrx_word' id='word_1_155' title='bbox 1339 2674 1582 2752; x_wconf 16' lang='lat' dir='ltr'>*vigiliae</span> <span class='ocrx_word' id='word_1_156' title='bbox 1638 2674 1828 2744; x_wconf 78' lang='lat' dir='ltr'>urbiS,</span> <span class='ocrx_word' id='word_1_157' title='bbox 1890 2681 2038 2734; x_wconf 93' lang='lat' dir='ltr'>sunt</span> 
     </span>
     <span class='ocr_line' id='line_1_25' title="bbox 305 2776 2034 2858; baseline -0.001 -21"><span class='ocrx_word' id='word_1_158' title='bbox 305 2779 720 2858; x_wconf 73' lang='lat' dir='ltr'>inquisitores,</span> <span class='ocrx_word' id='word_1_159' title='bbox 744 2783 892 2835; x_wconf 89' lang='lat' dir='ltr'>sunt</span> <span class='ocrx_word' id='word_1_160' title='bbox 912 2776 1150 2855; x_wconf 84' lang='lat' dir='ltr'>judices</span> <span class='ocrx_word' id='word_1_161' title='bbox 1178 2799 1190 2835; x_wconf 91' lang='lat'>:</span> <span class='ocrx_word' id='word_1_162' title='bbox 1238 2776 1406 2835; x_wconf 86' lang='lat' dir='ltr'>hisce</span> <span class='ocrx_word' id='word_1_163' title='bbox 1435 2776 1737 2835; x_wconf 88' lang='lat' dir='ltr'>incumbit</span> <span class='ocrx_word' id='word_1_164' title='bbox 1767 2776 2034 2836; x_wconf 87' lang='lat' dir='ltr'>officium</span> 
     </span>
     <span class='ocr_line' id='line_1_26' title="bbox 307 2878 2034 2958; baseline 0 -19"><span class='ocrx_word' id='word_1_165' title='bbox 307 2887 370 2955; x_wconf 87' lang='lat' dir='ltr'>et</span> <span class='ocrx_word' id='word_1_166' title='bbox 398 2900 621 2938; x_wconf 89' lang='lat' dir='ltr'>munus</span> <span class='ocrx_word' id='word_1_167' title='bbox 651 2900 824 2938; x_wconf 81' lang='lat' dir='ltr'>reum</span> <span class='ocrx_word' id='word_1_168' title='bbox 854 2878 1281 2957; x_wconf 90' lang='lat' dir='ltr'>persequendi.</span> <span class='ocrx_word' id='word_1_169' title='bbox 1342 2878 1558 2957; x_wconf 89' lang='lat' dir='ltr'>Neque</span> <span class='ocrx_word' id='word_1_170' title='bbox 1586 2878 1723 2958; x_wconf 87' lang='lat' dir='ltr'>ipsa</span> <span class='ocrx_word' id='word_1_171' title='bbox 1750 2880 2034 2939; x_wconf 86' lang='lat' dir='ltr'>nocentis</span> 
     </span>
     <span class='ocr_line' id='line_1_27' title="bbox 308 2980 2032 3064; baseline -0.001 -22"><span class='ocrx_word' id='word_1_172' title='bbox 308 2984 516 3064; x_wconf 88' lang='lat' dir='ltr'>quieta</span> <span class='ocrx_word' id='word_1_173' title='bbox 545 2989 642 3042; x_wconf 94' lang='lat' dir='ltr'>est</span> <span class='ocrx_word' id='word_1_174' title='bbox 689 2981 1079 3051; x_wconf 89' lang='lat' dir='ltr'>conscientia,</span> <span class='ocrx_word' id='word_1_175' title='bbox 1114 2981 1262 3060; x_wconf 89' lang='lat' dir='ltr'>quin</span> <span class='ocrx_word' id='word_1_176' title='bbox 1308 2983 1493 3041; x_wconf 89' lang='lat' dir='ltr'>rebus</span> <span class='ocrx_word' id='word_1_177' title='bbox 1542 2980 1827 3060; x_wconf 86' lang='lat' dir='ltr'>gerendis</span> <span class='ocrx_word' id='word_1_178' title='bbox 1871 2982 2032 3042; x_wconf 91' lang='lat' dir='ltr'>iner-</span> 
     </span>
     <span class='ocr_line' id='line_1_28' title="bbox 304 3085 2033 3164; baseline -0.001 -18"><span class='ocrx_word' id='word_1_179' title='bbox 304 3095 434 3147; x_wconf 90' lang='lat' dir='ltr'>tem</span> <span class='ocrx_word' id='word_1_180' title='bbox 463 3087 703 3156; x_wconf 78' lang='lat' dir='ltr'>reddat,</span> <span class='ocrx_word' id='word_1_181' title='bbox 738 3085 883 3164; x_wconf 87' lang='lat' dir='ltr'>quin</span> <span class='ocrx_word' id='word_1_182' title='bbox 915 3085 1139 3163; x_wconf 91' lang='lat' dir='ltr'>prodat</span> <span class='ocrx_word' id='word_1_183' title='bbox 1183 3085 1534 3164; x_wconf 87' lang='lat' dir='ltr'>ubicunque</span> <span class='ocrx_word' id='word_1_184' title='bbox 1564 3092 1935 3157; x_wconf 89' lang='lat' dir='ltr'>versantem,</span> <span class='ocrx_word' id='word_1_185' title='bbox 1965 3085 2033 3145; x_wconf 91' lang='lat' dir='ltr'>in</span> 
     </span>
     <span class='ocr_line' id='line_1_29' title="bbox 307 3187 2032 3268; baseline -0.002 -18"><span class='ocrx_word' id='word_1_186' title='bbox 307 3189 490 3250; x_wconf 69' lang='lat' dir='ltr'>causa</span> <span class='ocrx_word' id='word_1_187' title='bbox 536 3187 794 3248; x_wconf 71' lang='lat' dir='ltr'>dicenda</span> <span class='ocrx_word' id='word_1_188' title='bbox 848 3194 1280 3267; x_wconf 88' lang='lat' dir='ltr'>prosequatur,</span> <span class='ocrx_word' id='word_1_189' title='bbox 1342 3188 1596 3268; x_wconf 89' lang='lat' dir='ltr'>arripiat</span> <span class='ocrx_word' id='word_1_190' title='bbox 1651 3188 1904 3248; x_wconf 89' lang='lat' dir='ltr'>tandem</span> <span class='ocrx_word' id='word_1_191' title='bbox 1965 3187 2032 3247; x_wconf 92' lang='lat' dir='ltr'>in</span> 
     </span>
     <span class='ocr_line' id='line_1_30' title="bbox 308 3289 2030 3373; baseline -0.003 -19"><span class='ocrx_word' id='word_1_192' title='bbox 308 3292 625 3373; x_wconf 83' lang='lat' dir='ltr'>suppliciO,</span> <span class='ocrx_word' id='word_1_193' title='bbox 659 3292 785 3352; x_wconf 88' lang='lat' dir='ltr'>sive</span> <span class='ocrx_word' id='word_1_194' title='bbox 830 3292 896 3350; x_wconf 86' lang='lat' dir='ltr'>in</span> <span class='ocrx_word' id='word_1_195' title='bbox 941 3291 1156 3351; x_wconf 91' lang='lat' dir='ltr'>morbo</span> <span class='ocrx_word' id='word_1_196' title='bbox 1201 3297 1496 3351; x_wconf 84' lang='lat' dir='ltr'>extremO.</span> <span class='ocrx_word' id='word_1_197' title='bbox 1582 3291 1672 3350; x_wconf 91' lang='lat' dir='ltr'>At</span> <span class='ocrx_word' id='word_1_198' title='bbox 1711 3289 1923 3370; x_wconf 75' lang='lat' dir='ltr'>quidni</span> <span class='ocrx_word' id='word_1_199' title='bbox 1963 3289 2030 3350; x_wconf 91' lang='lat' dir='ltr'>in</span> 
     </span>
     <span class='ocr_line' id='line_1_31' title="bbox 305 3392 2028 3474; baseline -0.002 -18"><span class='ocrx_word' id='word_1_200' title='bbox 305 3395 634 3457; x_wconf 88' lang='lat' dir='ltr'>homicidio</span> <span class='ocrx_word' id='word_1_201' title='bbox 680 3393 1056 3474; x_wconf 76' lang='lat' dir='ltr'>multiplici?</span> <span class='ocrx_word' id='word_1_202' title='bbox 1141 3393 1480 3473; x_wconf 88' lang='lat' dir='ltr'>Ignoratur</span> <span class='ocrx_word' id='word_1_203' title='bbox 1539 3393 1791 3465; x_wconf 77' lang='lat' dir='ltr'>scilicet,</span> <span class='ocrx_word' id='word_1_204' title='bbox 1831 3392 2028 3453; x_wconf 92' lang='lat' dir='ltr'>homi-</span> 
     </span>
    </p>
   </div>
  </div>
 </body>
</html>
