2236 3814
1114 250 1195 308 42

300 417 571 478 habebat
601 435 799 476 suum.
860 414 1087 486 Hodie,
1107 435 1236 474 non
1255 435 1292 474 a
1321 413 1582 474 catervis
1605 413 2028 483 barbarorum,

299 520 478 580 novis
510 519 676 599 agris
705 518 1099 590 inhiantium,
1139 518 1335 578 oritur
1356 539 1564 578 rerum
1593 516 1888 587 turbatio,
1917 534 2033 576 nec

296 646 374 684 ex
400 624 708 684 victorum
739 623 907 682 fastu
935 622 1283 703 triumphos
1314 621 1735 682 ambientium.
1785 620 2032 682 Scelera

296 728 481 787 luunt
518 727 609 785 illi
654 748 765 807 per
813 747 966 806 quos
1016 726 1246 786 fuerint
1294 726 1603 785 admissa:
1650 726 1782 805 ipse
1811 743 2032 803 nempe

297 830 651 890 intellectus
701 812 1112 909 pervertitur3
1165 829 1394 888 infidus
1441 829 1514 887 fit
1565 849 1807 898 sermo;
1859 827 2031 886 hisce

302 933 379 992 de
423 933 625 993 causis
670 932 863 992 facilis
909 954 985 992 ex
1011 931 1149 991 una
1190 938 1368 1011 parte
1413 932 1531 991 erit
1558 939 2032 1018 rerum-restau-

299 1036 481 1107 ratiO,
525 1057 601 1095 ex
647 1035 763 1096 alia
806 1043 984 1116 parte
1017 1036 1391 1096 difficillima:
1438 1036 1611 1095 facile
1642 1036 1887 1115 quidem
1917 1033 2035 1095 erit

299 1140 364 1198 id
393 1146 740 1200 restaurare
771 1141 937 1219 quod
977 1161 1013 1199 a
1056 1140 1097 1199 J
1102 1161 1211 1200 ure
1243 1140 1529 1218 exigitur,
1562 1140 1747 1199 modo
1777 1139 2034 1198 idoneus

302 1264 428 1303 non
459 1244 619 1303 desit
646 1244 952 1323 interpres
979 1265 993 1313 ς
1028 1250 1093 1302 at
1121 1244 1310 1302 talem
1338 1242 1607 1321 reperire
1628 1242 2031 1320 interpretem

304 1354 400 1406 est
455 1346 862 1426 perdifficile3
927 1345 1097 1405 hisce
1153 1345 1405 1424 inquam
1460 1344 1866 1424 temporibuS,
1926 1342 2036 1403 ubi

303 1450 508 1509 omnia
563 1450 630 1508 in
686 1451 860 1529 pejus
918 1456 1198 1520 ruerunt,
1253 1450 1361 1533 ob*
1398 1449 1624 1508 falsum
1683 1467 2031 1507 sermonem

302 1552 489 1632 vulgo
519 1554 883 1625 adhibitum,
918 1559 1274 1632 contempto
1305 1572 1475 1612 more
1503 1573 1720 1612 Verum
1751 1551 2014 1612 dicendi.

387 1655 539 1730 Quis
610 1657 865 1715 tandem
937 1657 1013 1716 de
1093 1656 1365 1734 LeyibuS,
1460 1655 1559 1716 vel
1645 1655 1721 1714 de
1781 1652 2033 1715 Justitid

303 1760 631 1831 disserenS,
685 1760 990 1830 audietur,
1039 1759 1146 1819 ubi
1197 1761 1272 1819 de
1324 1758 1611 1838 Opinione
1655 1759 1924 1830 Publica,
1958 1760 2034 1819 de

309 1863 733 1935 Oivilisatione,
801 1864 876 1923 cle
931 1864 1278 1941 Proqsressu,
1354 1863 1427 1922 fit
1499 1862 1700 1922 omnis
1776 1863 2032 1922 sermo?

306 1965 456 2040 Quae
489 1966 540 2026 si
574 1967 663 2026 ita
693 1986 757 2026 se
801 1967 1092 2038 habeant,
1130 1968 1295 2026 unde
1347 1967 1579 2027 orietur
1617 1987 1745 2044 pam
1785 1967 2034 2027 homini-

306 2071 407 2129 bus
440 2071 597 2129 home
627 2070 948 2129 voluntatis
974 2067 1003 2128 ?
1478 2150 1480 2152 Ι

389 2174 588 2232 Istam
647 2173 893 2252 quidem
949 2173 1245 2252 loquendi
1310 2173 1618 2233 rationem
1665 2173 1798 2252 jam
1854 2179 2039 2234 antea

308 2274 601 2334 Summus
626 2275 915 2334 Pontifex
938 2275 1374 2335 condemnavit
1383 2297 1398 2346 ;
1435 2295 1647 2334 curam
1670 2282 1878 2335 autem
1902 2296 2038 2335 eam

306 2378 758 2457 perscrutandi,
792 2384 855 2436 et
887 2398 1070 2456 quam
1107 2378 1308 2436 inanis
1341 2399 1412 2436 ea
1442 2378 1523 2436 sit
1553 2379 2039 2450 demonstrandi,

305 2501 433 2539 non
494 2480 786 2559 suscepit.
899 2481 1023 2540 Res
1075 2502 1185 2559 per
1257 2482 1605 2560 exemplum
1670 2480 2037 2541 illustretur.

307 2583 658 2643 Declaratio
704 2583 870 2642 edita
909 2583 984 2642 de
1019 2603 1171 2642 voce
1205 2588 1242 2614 ‘⁶
1263 2582 1708 2661 ProgresSUS‚''
1742 2590 2038 2663 tanquam

307 2686 476 2745 dictu
518 2685 767 2744 minime
810 2685 1105 2764 legitima,
1153 2684 1415 2744 maxime
1450 2669 1693 2764 juvabit
1728 2687 2039 2748 volentem

306 2789 599 2849 mandato
630 2808 866 2868 parere,
911 2788 1137 2867 quippe
1176 2809 1356 2867 quem
1387 2810 1423 2847 a
1451 2789 1828 2867 loquacitate
1856 2791 2044 2852 ratio-

304 2893 401 2952 nis
447 2891 711 2964 inimica,
757 2892 1087 2971 pravisque
1131 2892 1319 2951 animi
1361 2892 1695 2964 habitibus,
1749 2893 2043 2974 falsisque

307 2996 883 3056 ratiocinationibus
912 2994 1201 3055 liberarit.

407 3098 526 3173 Qui
574 3105 782 3158 autem
830 3104 1148 3158 recusaret
1185 3097 1357 3157 istud
1392 3099 1779 3171 vocabulum,
1819 3100 2044 3159 solum-

308 3203 490 3262 modo
529 3203 697 3281 quod
725 3202 991 3263 vetitum
1031 3201 1131 3273 sit,
1162 3201 1460 3282 proferre,
1494 3207 1558 3261 et
1594 3202 1776 3262 simul
1805 3204 2042 3272 vanita-

310 3311 439 3364 tem
497 3306 771 3384 ejusdem
841 3305 1176 3385 ignoraret,
1247 3304 1350 3364 ille
1418 3325 1545 3364 non
1617 3306 1749 3366 sine
1821 3307 2046 3368 damno

314 3427 425 3467 suo
482 3407 600 3467 hoc
657 3408 868 3468 audiet
924 3407 1329 3469 vocabulum:
1373 3428 1573 3488 neque
1619 3409 1752 3470 aliis
1798 3429 2046 3470 causam
