2236 3814
1083 231 1168 298 12

250 410 314 464 et
342 402 684 463 exhibetur.
748 402 886 462 Hoc
909 401 1089 461 unico
1111 402 1313 462 medio
1343 401 1503 461 bella
1531 407 1834 472 arcentur,
1858 420 1981 480 pax

253 511 573 577 servatur3
619 505 739 565 nisi
783 505 926 565 sane
971 524 1159 566 causa
1198 503 1573 564 interveniat
1600 505 1742 564 vere
1770 522 1978 563 neces-

252 609 413 669 saria
430 632 447 682 ;
495 609 774 688 exemplo
820 608 918 679 sit,
950 608 1352 668 barbarorum
1393 607 1684 677 incursiO,
1717 613 1826 666 aut
1854 606 1981 664 dux

251 712 470 793 aliquis
517 713 747 772 Martis
795 713 1128 772 admodum
1175 712 1395 782 cultor,
1426 711 1491 770 in
1521 710 1724 770 medio
1766 709 1980 789 populi

255 823 506 876 exortus
549 816 824 876 bellicosi
868 816 1050 875 simul
1092 836 1164 875 ac
1213 813 1656 894 praepollentis.
1746 811 1978 891 Hujus-

246 919 415 979 modi
445 926 652 979 autem
680 919 916 978 rariora
952 925 1099 978 sunt
1143 918 1461 997 exempla:
1511 937 1647 995 quae
1679 915 1750 975 si*
1773 916 1980 975 locum

251 1042 377 1081 non
407 1022 660 1093 habent,
691 1043 814 1102 pax
842 1022 1067 1100 ubique
1095 1021 1160 1079 in
1199 1041 1415 1080 securo
1445 1026 1712 1099 ponetur
1735 1040 1751 1089 ;
1797 1018 1980 1077 modo

247 1125 574 1205 unicuique
616 1125 966 1204 reipublicae
1009 1125 1138 1184 Lex
1183 1125 1263 1183 sit
1305 1123 1571 1202 cognita,
1602 1143 1717 1182 nec
1745 1120 1978 1180 Princi-

248 1228 450 1307 pibus,
496 1229 975 1309 Principumque
1017 1227 1336 1298 ministriS,
1370 1226 1601 1305 Legem
1652 1224 1980 1304 spernendi

245 1326 510 1387 facultas
542 1329 935 1388 concedatur.

331 1430 426 1489 Ea
469 1451 604 1510 quae
652 1432 932 1502 dicimus,
982 1431 1261 1510 exemplo
1309 1430 1385 1489 ab
1420 1429 1753 1489 Hanovera
1780 1429 1979 1509 petito

244 1534 652 1593 illustrentur.

328 1638 490 1697 Fieri
519 1645 728 1719 potest
756 1639 923 1698 utin
966 1640 1120 1698 fines
1171 1637 1456 1699 Civitatis
1499 1638 1563 1696 in
1610 1636 1788 1717 plena
1828 1657 1979 1716 pace

245 1742 483 1820 positae,
509 1742 619 1801 fiat
640 1743 898 1813 invasio,
923 1742 1091 1800 nulla
1112 1742 1428 1821 praemissa
1455 1742 1599 1801 belli
1622 1741 1976 1811 indictione,

243 1864 358 1903 nec
403 1845 757 1905 indictionis
802 1846 999 1905 causa.
1091 1846 1420 1906 Civitatem
1448 1845 1635 1915 illam,
1669 1865 1705 1902 a
1735 1844 1852 1923 qua
1879 1864 1979 1903 res

245 1954 439 2027 gestae
499 1949 948 2020 desiderantur,
1009 1949 1405 2008 nihilominus
1464 1970 1576 2028 per
1634 1949 1838 2008 dolum
1916 1954 1979 2007 et

245 2052 659 2131 proditionem
717 2053 1086 2112 debellatam
1136 2052 1425 2123 vidimus,
1486 2059 1549 2111 et
1600 2072 1739 2111 cum
1789 2051 1981 2111 altera

242 2153 306 2213 in
358 2176 549 2213 unum
600 2176 824 2235 corpus
869 2157 1207 2227 redactam,
1239 2177 1438 2235 neque
1482 2157 1561 2214 ad
1588 2156 1776 2235 leges,
1822 2154 1980 2234 proh

243 2258 481 2335 pudor!
530 2265 1008 2336 provocantem3
1056 2264 1238 2329 teste,
1270 2278 1386 2317 nec
1427 2263 1674 2316 tacente
1706 2257 1976 2335 quidem,

240 2359 429 2418 immo
486 2381 633 2419 vero
685 2361 1040 2439 plaudente,
1103 2360 1354 2439 Europa
1402 2359 1724 2419 universa:
1789 2380 1978 2438 quum

243 2462 556 2541 perditum
601 2463 681 2521 sit
724 2462 969 2520 firmum
1014 2462 1343 2541 probitatis
1391 2463 1880 2533 fundamentum,
1915 2469 1979 2522 et

242 2565 363 2624 huc
391 2565 536 2624 illuc
566 2565 895 2623 trahantur
937 2565 1217 2624 homines
1261 2586 1298 2624 a
1338 2565 1736 2644 logographis
1777 2566 1976 2644 quoti-

244 2668 462 2739 dianiS,
485 2688 634 2727 auro
665 2673 918 2747 accepto
950 2659 1295 2727 obcaecatis.
1386 2666 1566 2741 Quod
1595 2667 1808 2746 utique
1837 2668 1975 2728 ideo

241 2769 476 2830 facilius
534 2770 626 2840 fit,
688 2770 850 2848 quod
907 2769 1014 2828 ubi
1065 2790 1219 2848 gens
1279 2775 1531 2848 gentem
1589 2770 1971 2849 aggreditur,

244 2872 439 2952 ipsius
511 2872 928 2951 aggressionis
999 2873 1238 2931 ratione
1301 2872 1676 2951 posthabita,
1738 2874 1814 2932 de
1871 2895 1973 2932 ex-

242 2975 476 3034 traneis
507 2974 874 3054 quibusdam
913 2974 1161 3034 motivis
1211 2981 1526 3054 sumptum
1571 2975 1769 3034 fertur
1803 2976 1970 3055 judi-

246 3078 427 3138 cium.
536 3077 690 3137 Haec
740 3084 949 3137 autem
989 3078 1223 3137 motiva
1265 3098 1401 3156 quae
1453 3078 1597 3149 sint,
1651 3099 1727 3138 ex
1773 3080 1971 3140 sensis

243 3181 720 3261 uniuscujusque
743 3188 840 3241 est
866 3180 1269 3260 repetendum
1290 3181 1541 3241 secretis
1568 3202 1580 3240 :
1628 3183 1972 3261 generatim

243 3282 492 3365 quidem
549 3305 624 3344 ex
692 3283 969 3356 theoriis,
1029 3283 1236 3345 nescio
1297 3284 1538 3364 quibus,
1599 3285 1676 3345 de
1733 3286 1971 3347 Ethno-

245 3386 521 3469 graphia,
570 3388 649 3447 de
703 3387 1063 3467 Philologia,
1124 3388 1201 3448 de
1260 3386 1666 3469 Geographia,
1721 3389 1797 3449 de
1854 3389 1974 3450 Po-
