2236 3814
1122 252 1201 310 26

311 402 655 482 Affghanos
701 401 838 463 ideb
891 409 987 462 est
1031 402 1376 483 incoeptum
1426 401 1570 482 quia
1613 403 1740 461 dux
1790 398 2039 481 quidam

313 506 518 585 gentis
572 506 930 566 “malevole
952 504 987 530 ''
1046 513 1266 567 contra
1313 506 1557 586 Anglos
1603 504 1831 566 sentire
1878 503 2038 563 dice-

310 616 501 668 retur.
593 608 775 682 Quod
823 609 877 668 si
922 630 1137 669 verum
1184 615 1367 679 esset,
1420 630 1547 668 non
1575 609 1907 667 haberetur
1936 626 2038 665 ex-

309 711 451 771 inde
471 712 645 790 justa
673 712 819 770 belli
849 732 1054 771 causa.
1159 711 1249 771 Ut
1278 711 1508 772 verit-as
1539 710 2036 790 persuaderetur,

309 814 494 874 variae
539 814 910 892 scriptorum
948 815 1136 874 series
1165 815 1376 874 relatae
1407 821 1552 874 sunt
1581 813 2037 884 Parliament03

310 937 445 995 quae
490 917 739 996 quidem
784 919 1016 997 scripta
1074 939 1214 978 cum
1256 918 1356 977 ille
1399 919 1635 997 legeret
1695 917 1799 996 qui
1853 917 2041 976 rebus

308 1020 593 1099 gerendis
644 1021 1012 1080 interfuerat
1056 1022 1350 1101 LegatUS,
1400 1021 1606 1081 omnia
1662 1019 2042 1080 mendaciter

309 1131 600 1183 contexta
673 1125 1029 1185 declaravit.
1121 1125 1266 1205 Ipse
1337 1125 1565 1185 idcirce
1635 1125 1702 1183 in
1772 1124 2040 1204 patriam

309 1227 478 1286 misit
506 1249 654 1287 vera
685 1228 1060 1307 exemplaria
1090 1249 1305 1287 eorum
1337 1249 1472 1307 quae
1504 1228 1652 1288 olim
1684 1228 2038 1307 scripserat,

309 1351 380 1390 eo
440 1331 562 1390 fine
620 1338 692 1390 ut
749 1331 979 1410 publici
1028 1332 1191 1410 juris
1260 1332 1499 1391 fierent.
1587 1325 1825 1389 Multos
1896 1337 2041 1409 post

308 1455 523 1505 annos,
564 1441 626 1493 et
670 1442 813 1513 post
856 1436 1085 1493 multas
1127 1435 1194 1492 in
1233 1435 1648 1494 Parliamento
1686 1433 2038 1504 instantiaS,

307 1537 665 1596 authentica
723 1537 954 1616 scripta
1010 1537 1075 1595 in
1132 1537 1334 1596 lucem
1395 1543 1541 1597 sunt
1599 1536 1879 1616 prolata:
1967 1557 2043 1596 ex

308 1639 529 1717 quibus
615 1661 761 1700 Vera
845 1640 1324 1700 inveniebantur
1411 1661 1483 1699 ea
1569 1660 1705 1719 quae
1784 1639 2042 1700 dixisset

306 1742 580 1822 Legatus
608 1765 623 1814 3
651 1742 684 1778 *
764 1750 825 1802 et
914 1743 1097 1803 simul
1169 1749 1558 1823 compertum
1630 1750 1726 1802 est
1797 1763 2042 1802 omnem

305 1846 609 1905 rationem
676 1846 817 1906 belli
886 1847 965 1905 ad
1022 1846 1199 1905 filum
1258 1846 1706 1926 Affghanorum
1763 1847 2037 1913 ducem†

305 1950 688 2028 perdendum
762 1950 1052 2030 suscepti,
1127 1950 1389 2030 petitam
1462 1971 1597 2011 esse
1670 1971 1746 2009 ex
1818 1950 2042 2030 Legati

305 2052 498 2131 Angli
530 2053 796 2132 scriptis,
831 2061 964 2112 arte
997 2052 1369 2133 depravatis.

390 2156 620 2216 Inutile
660 2156 838 2236 plane
877 2158 1127 2228 bellum,
1169 2178 1369 2236 neque
1403 2158 1681 2236 justum3
1742 2158 2042 2237 injustum

306 2260 531 2339 quippe
605 2268 738 2320 erat
810 2261 1162 2341 Principem
1231 2268 1594 2321 extraneum
1666 2262 1922 2342 aggredi
1979 2270 2042 2323 et

306 2361 687 2447 debellare3'
744 2364 1066 2422 deficiente
1140 2371 1347 2422 autem
1409 2364 1654 2442 justitia
1726 2365 1907 2424 simul
1978 2372 2041 2426 et

302 2465 695 2536 necessitate,
741 2466 930 2537 nulla,
963 2472 1036 2524 ut
1079 2465 1273 2537 aiunt,
1311 2473 1349 2497 “
1373 2466 1715 2526 formalitas
1741 2466 1777 2490 '⁹
1810 2468 2040 2527 bellum

302 2567 542 2627 licitum
571 2569 829 2627 reddere
858 2575 1107 2647 posset3
1161 2570 1332 2628 nulla
1369 2569 1583 2630 revera
1613 2570 2036 2631 adhibebatur.

307 2669 625 2749 Scriptum
648 2671 893 2749 quidem
910 2671 977 2729 in
998 2673 1199 2732 lucem
1217 2672 1450 2752 prodiit
1477 2680 1514 2705 ‘⁶
1535 2664 2037 2735 Declarationis''

301 2772 550 2832 nomine
588 2772 996 2852 insignitum:
1044 2775 1212 2833 nulla
1254 2796 1402 2835 vero
1446 2776 1600 2836 inibi
1641 2777 1898 2837 inventa
1944 2783 2040 2838 est

302 2874 653 2935 Declaratio
713 2877 907 2948 Belli3
972 2877 1171 2937 omnis
1224 2884 1428 2938 autem
1493 2899 1695 2940 sermo
1738 2880 1856 2939 fuit
1902 2886 1941 2913 “
1962 2881 2039 2941 de

299 2978 483 3037 rebus
515 2978 889 3037 militaribus
918 2979 1088 3038 ultra
1119 2979 1352 3039 flumen
1379 2980 1609 3040 Indum
1639 2981 1996 3060 gerendis.''

384 3081 530 3141 Non
558 3081 624 3140 id
653 3081 782 3161 egit
825 3082 1313 3142 Parliamentum
1355 3083 1600 3163 Angliae
1650 3090 1722 3143 ut
1771 3083 2038 3144 immane

298 3184 418 3243 hoc
491 3186 692 3245 scelus
765 3192 1063 3265 tanquam
1134 3186 1407 3266 Legibus
1478 3186 1862 3267 prohibitum
1933 3208 2035 3248 ex-

300 3295 666 3362 secraretur,
697 3290 796 3350 vel
825 3289 1115 3370 punitum
1143 3290 1350 3351 vellet.
1438 3289 1782 3370 Postquam
1821 3311 2036 3352 omnes

466 3435 494 3462 ⁴⁵
532 3437 612 3486 Sir
635 3439 698 3487 A.
729 3439 934 3489 Burnes.
1415 3442 1446 3491 ἢ·
1469 3441 1596 3489 Dost
1620 3442 1898 3491 Mahomed.
