<?xml version="1.0" encoding="UTF-8"?>
<!DOCTYPE html PUBLIC "-//W3C//DTD XHTML 1.0 Transitional//EN"
    "http://www.w3.org/TR/xhtml1/DTD/xhtml1-transitional.dtd">
<html xmlns="http://www.w3.org/1999/xhtml" xml:lang="en" lang="en">
 <head>
  <title>
</title>
<meta http-equiv="Content-Type" content="text/html;charset=utf-8" />
  <meta name='ocr-system' content='tesseract 3.04.00' />
  <meta name='ocr-capabilities' content='ocr_page ocr_carea ocr_par ocr_line ocrx_word'/>
</head>
<body>
  <div class='ocr_page' id='page_1' title='image "a611530900urquuoft_0064.png"; bbox 0 0 2236 3814; ppageno 0'>
   <div class='ocr_carea' id='block_1_1' title="bbox 1047 216 1124 274">
    <p class='ocr_par' dir='ltr' id='par_1_1' title="bbox 1047 216 1124 274">
     <span class='ocr_line' id='line_1_1' title="bbox 1047 216 1124 274; baseline 0 0"><span class='ocrx_word' id='word_1_1' title='bbox 1047 216 1124 274; x_wconf 84' lang='lat'>60</span> 
     </span>
    </p>
   </div>
   <div class='ocr_carea' id='block_1_2' title="bbox 227 393 1963 680">
    <p class='ocr_par' dir='ltr' id='par_1_2' title="bbox 227 393 1963 680">
     <span class='ocr_line' id='line_1_2' title="bbox 228 393 1962 476; baseline 0.002 -24"><span class='ocrx_word' id='word_1_2' title='bbox 228 393 580 454; x_wconf 89' lang='lat' dir='ltr'>hominibus</span> <span class='ocrx_word' id='word_1_3' title='bbox 625 393 928 454; x_wconf 90' lang='lat' dir='ltr'>dominari</span> <span class='ocrx_word' id='word_1_4' title='bbox 965 399 1214 474; x_wconf 85' lang='lat' dir='ltr'>potest3</span> <span class='ocrx_word' id='word_1_5' title='bbox 1271 401 1334 456; x_wconf 91' lang='lat' dir='ltr'>et</span> <span class='ocrx_word' id='word_1_6' title='bbox 1381 394 1521 456; x_wconf 78' lang='lat' dir='ltr'>cum</span> <span class='ocrx_word' id='word_1_7' title='bbox 1566 395 1717 476; x_wconf 91' lang='lat' dir='ltr'>ipsis</span> <span class='ocrx_word' id='word_1_8' title='bbox 1757 397 1962 456; x_wconf 86' lang='lat' dir='ltr'>omnia</span> 
     </span>
     <span class='ocr_line' id='line_1_3' title="bbox 230 497 1963 580; baseline 0.002 -24"><span class='ocrx_word' id='word_1_9' title='bbox 230 497 435 557; x_wconf 90' lang='lat' dir='ltr'>desint</span> <span class='ocrx_word' id='word_1_10' title='bbox 462 497 664 558; x_wconf 89' lang='lat' dir='ltr'>media</span> <span class='ocrx_word' id='word_1_11' title='bbox 706 518 818 578; x_wconf 94' lang='lat' dir='ltr'>per</span> <span class='ocrx_word' id='word_1_12' title='bbox 848 518 983 577; x_wconf 84' lang='lat' dir='ltr'>quae</span> <span class='ocrx_word' id='word_1_13' title='bbox 1011 498 1077 557; x_wconf 92' lang='lat' dir='ltr'>id</span> <span class='ocrx_word' id='word_1_14' title='bbox 1105 518 1477 578; x_wconf 82' lang='lat' dir='ltr'>cognoscere</span> <span class='ocrx_word' id='word_1_15' title='bbox 1523 501 1766 580; x_wconf 90' lang='lat' dir='ltr'>possint</span> <span class='ocrx_word' id='word_1_16' title='bbox 1796 501 1963 579; x_wconf 94' lang='lat' dir='ltr'>quod</span> 
     </span>
     <span class='ocr_line' id='line_1_4' title="bbox 227 601 1963 680; baseline 0.001 -20"><span class='ocrx_word' id='word_1_17' title='bbox 227 602 303 660; x_wconf 95' lang='lat' dir='ltr'>de</span> <span class='ocrx_word' id='word_1_18' title='bbox 331 601 406 660; x_wconf 92' lang='lat' dir='ltr'>iis</span> <span class='ocrx_word' id='word_1_19' title='bbox 441 607 681 680; x_wconf 85' lang='lat' dir='ltr'>agatur,</span> <span class='ocrx_word' id='word_1_20' title='bbox 716 601 945 661; x_wconf 92' lang='lat' dir='ltr'>sensim</span> <span class='ocrx_word' id='word_1_21' title='bbox 983 601 1112 662; x_wconf 86' lang='lat' dir='ltr'>sive</span> <span class='ocrx_word' id='word_1_22' title='bbox 1156 622 1362 674; x_wconf 78' lang='lat' dir='ltr'>senSU,</span> <span class='ocrx_word' id='word_1_23' title='bbox 1398 603 1476 663; x_wconf 95' lang='lat' dir='ltr'>ob</span> <span class='ocrx_word' id='word_1_24' title='bbox 1509 604 1719 663; x_wconf 91' lang='lat' dir='ltr'>oculos</span> <span class='ocrx_word' id='word_1_25' title='bbox 1749 623 1963 663; x_wconf 90' lang='lat' dir='ltr'>eorum</span> 
     </span>
    </p>
   </div>
   <div class='ocr_carea' id='block_1_3' title="bbox 225 703 2057 785">
    <p class='ocr_par' dir='ltr' id='par_1_3' title="bbox 225 703 2057 785">
     <span class='ocr_line' id='line_1_5' title="bbox 225 703 2057 785; baseline 0.001 -23"><span class='ocrx_word' id='word_1_26' title='bbox 225 703 349 763; x_wconf 88' lang='lat' dir='ltr'>tela</span> <span class='ocrx_word' id='word_1_27' title='bbox 376 703 667 775; x_wconf 87' lang='lat' dir='ltr'>nectitur,</span> <span class='ocrx_word' id='word_1_28' title='bbox 692 704 953 783; x_wconf 90' lang='lat' dir='ltr'>pedibus</span> <span class='ocrx_word' id='word_1_29' title='bbox 984 725 1196 764; x_wconf 86' lang='lat' dir='ltr'>eorum</span> <span class='ocrx_word' id='word_1_30' title='bbox 1219 705 1423 784; x_wconf 90' lang='lat' dir='ltr'>laquei</span> <span class='ocrx_word' id='word_1_31' title='bbox 1452 711 1774 785; x_wconf 88' lang='lat' dir='ltr'>parantur.</span> <span class='ocrx_word' id='word_1_32' title='bbox 1863 704 1962 763; x_wconf 84' lang='lat' dir='ltr'>Ex</span> <span class='ocrx_word' id='word_1_33' title='bbox 2054 726 2057 730; x_wconf 56' lang='lat'><strong><em>⁴</em></strong></span> 
     </span>
    </p>
   </div>
   <div class='ocr_carea' id='block_1_4' title="bbox 214 805 1960 2838">
    <p class='ocr_par' dir='ltr' id='par_1_4' title="bbox 222 805 1960 1196">
     <span class='ocr_line' id='line_1_6' title="bbox 223 805 1959 887; baseline 0.001 -23"><span class='ocrx_word' id='word_1_34' title='bbox 223 805 320 865; x_wconf 90' lang='lat' dir='ltr'>his</span> <span class='ocrx_word' id='word_1_35' title='bbox 353 812 560 866; x_wconf 89' lang='lat' dir='ltr'>autem</span> <span class='ocrx_word' id='word_1_36' title='bbox 589 807 872 866; x_wconf 85' lang='lat' dir='ltr'>extricari</span> <span class='ocrx_word' id='word_1_37' title='bbox 900 813 1217 886; x_wconf 91' lang='lat' dir='ltr'>nequeunt</span> <span class='ocrx_word' id='word_1_38' title='bbox 1247 807 1367 866; x_wconf 84' lang='lat' dir='ltr'>nisi</span> <span class='ocrx_word' id='word_1_39' title='bbox 1395 829 1506 887; x_wconf 92' lang='lat' dir='ltr'>per</span> <span class='ocrx_word' id='word_1_40' title='bbox 1528 829 1771 868; x_wconf 90' lang='lat' dir='ltr'>morum</span> <span class='ocrx_word' id='word_1_41' title='bbox 1799 807 1959 867; x_wconf 89' lang='lat' dir='ltr'>inte-</span> 
     </span>
     <span class='ocr_line' id='line_1_7' title="bbox 225 908 1960 990; baseline 0.001 -23"><span class='ocrx_word' id='word_1_42' title='bbox 225 908 516 987; x_wconf 86' lang='lat' dir='ltr'>gritatem</span> <span class='ocrx_word' id='word_1_43' title='bbox 547 915 609 968; x_wconf 90' lang='lat' dir='ltr'>et</span> <span class='ocrx_word' id='word_1_44' title='bbox 636 910 862 969; x_wconf 86' lang='lat' dir='ltr'>bonam</span> <span class='ocrx_word' id='word_1_45' title='bbox 891 909 956 968; x_wconf 90' lang='lat' dir='ltr'>in</span> <span class='ocrx_word' id='word_1_46' title='bbox 984 910 1249 989; x_wconf 85' lang='lat' dir='ltr'>negotiis</span> <span class='ocrx_word' id='word_1_47' title='bbox 1280 911 1570 983; x_wconf 80' lang='lat' dir='ltr'>indolem,</span> <span class='ocrx_word' id='word_1_48' title='bbox 1601 932 1735 990; x_wconf 84' lang='lat' dir='ltr'>quae</span> <span class='ocrx_word' id='word_1_49' title='bbox 1766 912 1867 972; x_wconf 84' lang='lat' dir='ltr'>vel</span> <span class='ocrx_word' id='word_1_50' title='bbox 1894 911 1960 969; x_wconf 91' lang='lat' dir='ltr'>in</span> 
     </span>
     <span class='ocr_line' id='line_1_8' title="bbox 222 1011 1959 1094; baseline 0.002 -24"><span class='ocrx_word' id='word_1_51' title='bbox 222 1032 345 1071; x_wconf 92' lang='lat' dir='ltr'>uno</span> <span class='ocrx_word' id='word_1_52' title='bbox 386 1011 738 1072; x_wconf 84' lang='lat' dir='ltr'>inveniatur</span> <span class='ocrx_word' id='word_1_53' title='bbox 779 1013 1173 1092; x_wconf 79' lang='lat' dir='ltr'>MagistratU‚</span> <span class='ocrx_word' id='word_1_54' title='bbox 1223 1013 1325 1092; x_wconf 87' lang='lat' dir='ltr'>qui</span> <span class='ocrx_word' id='word_1_55' title='bbox 1366 1020 1512 1073; x_wconf 89' lang='lat' dir='ltr'>utut</span> <span class='ocrx_word' id='word_1_56' title='bbox 1565 1021 1833 1094; x_wconf 85' lang='lat' dir='ltr'>angusta</span> <span class='ocrx_word' id='word_1_57' title='bbox 1877 1014 1959 1075; x_wconf 88' lang='lat' dir='ltr'>sit</span> 
     </span>
     <span class='ocr_line' id='line_1_9' title="bbox 224 1114 1679 1196; baseline 0.001 -22"><span class='ocrx_word' id='word_1_58' title='bbox 224 1115 352 1194; x_wconf 87' lang='lat' dir='ltr'>ejus</span> <span class='ocrx_word' id='word_1_59' title='bbox 384 1114 555 1186; x_wconf 88' lang='lat' dir='ltr'>ditio,</span> <span class='ocrx_word' id='word_1_60' title='bbox 587 1115 769 1194; x_wconf 82' lang='lat' dir='ltr'>hujus</span> <span class='ocrx_word' id='word_1_61' title='bbox 802 1116 1016 1176; x_wconf 88' lang='lat' dir='ltr'>salutis</span> <span class='ocrx_word' id='word_1_62' title='bbox 1047 1123 1262 1177; x_wconf 91' lang='lat' dir='ltr'>auctor</span> <span class='ocrx_word' id='word_1_63' title='bbox 1291 1117 1421 1176; x_wconf 90' lang='lat' dir='ltr'>fieri</span> <span class='ocrx_word' id='word_1_64' title='bbox 1450 1124 1679 1196; x_wconf 93' lang='lat' dir='ltr'>potest.</span> 
     </span>
    </p>

    <p class='ocr_par' dir='ltr' id='par_1_5' title="bbox 224 1217 1958 1605">
     <span class='ocr_line' id='line_1_10' title="bbox 307 1217 1956 1298; baseline 0.002 -22"><span class='ocrx_word' id='word_1_65' title='bbox 307 1217 495 1277; x_wconf 82' lang='lat' dir='ltr'>Hisce</span> <span class='ocrx_word' id='word_1_66' title='bbox 542 1225 749 1277; x_wconf 92' lang='lat' dir='ltr'>autem</span> <span class='ocrx_word' id='word_1_67' title='bbox 794 1218 1056 1297; x_wconf 78' lang='lat' dir='ltr'>praedita</span> <span class='ocrx_word' id='word_1_68' title='bbox 1100 1219 1553 1298; x_wconf 78' lang='lat' dir='ltr'>praerogativiS,</span> <span class='ocrx_word' id='word_1_69' title='bbox 1604 1219 1790 1279; x_wconf 84' lang='lat' dir='ltr'>Curia</span> <span class='ocrx_word' id='word_1_70' title='bbox 1833 1220 1956 1280; x_wconf 89' lang='lat' dir='ltr'>Ro-</span> 
     </span>
     <span class='ocr_line' id='line_1_11' title="bbox 224 1321 1956 1400; baseline 0.002 -22"><span class='ocrx_word' id='word_1_71' title='bbox 224 1341 407 1379; x_wconf 90' lang='lat' dir='ltr'>mana</span> <span class='ocrx_word' id='word_1_72' title='bbox 452 1341 563 1400; x_wconf 90' lang='lat' dir='ltr'>per</span> <span class='ocrx_word' id='word_1_73' title='bbox 610 1321 833 1380; x_wconf 89' lang='lat' dir='ltr'>saltum</span> <span class='ocrx_word' id='word_1_74' title='bbox 890 1327 1267 1400; x_wconf 90' lang='lat' dir='ltr'>potestatem</span> <span class='ocrx_word' id='word_1_75' title='bbox 1314 1322 1573 1392; x_wconf 89' lang='lat' dir='ltr'>obtinet,</span> <span class='ocrx_word' id='word_1_76' title='bbox 1622 1322 1776 1380; x_wconf 91' lang='lat' dir='ltr'>nulli</span> <span class='ocrx_word' id='word_1_77' title='bbox 1818 1328 1956 1382; x_wconf 89' lang='lat' dir='ltr'>toto</span> 
     </span>
     <span class='ocr_line' id='line_1_12' title="bbox 225 1422 1958 1504; baseline 0.001 -22"><span class='ocrx_word' id='word_1_78' title='bbox 225 1422 388 1483; x_wconf 85' lang='lat' dir='ltr'>Orbe</span> <span class='ocrx_word' id='word_1_79' title='bbox 425 1424 755 1483; x_wconf 88' lang='lat' dir='ltr'>secundam</span> <span class='ocrx_word' id='word_1_80' title='bbox 776 1446 791 1494; x_wconf 92' lang='lat'>;</span> <span class='ocrx_word' id='word_1_81' title='bbox 838 1424 927 1483; x_wconf 90' lang='lat' dir='ltr'>ita</span> <span class='ocrx_word' id='word_1_82' title='bbox 968 1430 1041 1482; x_wconf 93' lang='lat' dir='ltr'>ut</span> <span class='ocrx_word' id='word_1_83' title='bbox 1075 1424 1328 1483; x_wconf 91' lang='lat' dir='ltr'>resistat</span> <span class='ocrx_word' id='word_1_84' title='bbox 1357 1424 1446 1482; x_wconf 92' lang='lat' dir='ltr'>illi</span> <span class='ocrx_word' id='word_1_85' title='bbox 1490 1424 1760 1504; x_wconf 91' lang='lat' dir='ltr'>Imperio</span> <span class='ocrx_word' id='word_1_86' title='bbox 1791 1426 1958 1504; x_wconf 93' lang='lat' dir='ltr'>quod</span> 
     </span>
     <span class='ocr_line' id='line_1_13' title="bbox 225 1525 1924 1605; baseline 0.002 -22"><span class='ocrx_word' id='word_1_87' title='bbox 225 1530 428 1584; x_wconf 90' lang='lat' dir='ltr'>cetera</span> <span class='ocrx_word' id='word_1_88' title='bbox 455 1525 635 1605; x_wconf 85' lang='lat' dir='ltr'>regit,</span> <span class='ocrx_word' id='word_1_89' title='bbox 670 1527 750 1584; x_wconf 92' lang='lat' dir='ltr'>ad</span> <span class='ocrx_word' id='word_1_90' title='bbox 779 1532 1181 1605; x_wconf 71' lang='lat' dir='ltr'>mutuamque</span> <span class='ocrx_word' id='word_1_91' title='bbox 1210 1532 1392 1605; x_wconf 85' lang='lat' dir='ltr'>urget</span> <span class='ocrx_word' id='word_1_92' title='bbox 1421 1526 1924 1587; x_wconf 69' lang='lat' dir='ltr'>internecionem.</span> 
     </span>
    </p>

    <p class='ocr_par' dir='ltr' id='par_1_6' title="bbox 217 1628 1955 2432">
     <span class='ocr_line' id='line_1_14' title="bbox 305 1628 1954 1709; baseline 0.002 -21"><span class='ocrx_word' id='word_1_93' title='bbox 305 1628 489 1689; x_wconf 91' lang='lat' dir='ltr'>Nunc</span> <span class='ocrx_word' id='word_1_94' title='bbox 540 1629 746 1708; x_wconf 84' lang='lat' dir='ltr'>agitur</span> <span class='ocrx_word' id='word_1_95' title='bbox 793 1630 867 1689; x_wconf 92' lang='lat' dir='ltr'>de</span> <span class='ocrx_word' id='word_1_96' title='bbox 909 1630 1095 1689; x_wconf 94' lang='lat' dir='ltr'>modo</span> <span class='ocrx_word' id='word_1_97' title='bbox 1138 1650 1257 1708; x_wconf 93' lang='lat' dir='ltr'>quo</span> <span class='ocrx_word' id='word_1_98' title='bbox 1307 1630 1403 1688; x_wconf 84' lang='lat' dir='ltr'>hae</span> <span class='ocrx_word' id='word_1_99' title='bbox 1441 1649 1609 1709; x_wconf 86' lang='lat' dir='ltr'>opes,</span> <span class='ocrx_word' id='word_1_100' title='bbox 1647 1630 1712 1688; x_wconf 89' lang='lat' dir='ltr'>in</span> <span class='ocrx_word' id='word_1_101' title='bbox 1751 1630 1954 1691; x_wconf 88' lang='lat' dir='ltr'>animo</span> 
     </span>
     <span class='ocr_line' id='line_1_15' title="bbox 224 1732 1955 1812; baseline 0.001 -21"><span class='ocrx_word' id='word_1_102' title='bbox 224 1732 376 1803; x_wconf 75' lang='lat' dir='ltr'>sitae,</span> <span class='ocrx_word' id='word_1_103' title='bbox 424 1732 655 1811; x_wconf 90' lang='lat' dir='ltr'>acquiri</span> <span class='ocrx_word' id='word_1_104' title='bbox 682 1732 944 1812; x_wconf 88' lang='lat' dir='ltr'>possint.</span> <span class='ocrx_word' id='word_1_105' title='bbox 1034 1733 1137 1791; x_wconf 89' lang='lat' dir='ltr'>Ad</span> <span class='ocrx_word' id='word_1_106' title='bbox 1183 1733 1300 1791; x_wconf 89' lang='lat' dir='ltr'>hoc</span> <span class='ocrx_word' id='word_1_107' title='bbox 1337 1732 1670 1811; x_wconf 72' lang='lat' dir='ltr'>requiritur</span> <span class='ocrx_word' id='word_1_108' title='bbox 1705 1733 1799 1793; x_wconf 85' lang='lat' dir='ltr'>vir</span> <span class='ocrx_word' id='word_1_109' title='bbox 1845 1734 1955 1792; x_wconf 90' lang='lat' dir='ltr'>tali</span> 
     </span>
     <span class='ocr_line' id='line_1_16' title="bbox 220 1834 1952 1914; baseline 0.002 -22"><span class='ocrx_word' id='word_1_110' title='bbox 220 1834 517 1914; x_wconf 77' lang='lat' dir='ltr'>praeditus</span> <span class='ocrx_word' id='word_1_111' title='bbox 547 1834 814 1912; x_wconf 83' lang='lat' dir='ltr'>ingenio,</span> <span class='ocrx_word' id='word_1_112' title='bbox 849 1835 1013 1913; x_wconf 91' lang='lat' dir='ltr'>quali</span> <span class='ocrx_word' id='word_1_113' title='bbox 1041 1834 1194 1892; x_wconf 88' lang='lat' dir='ltr'>nihil</span> <span class='ocrx_word' id='word_1_114' title='bbox 1222 1834 1422 1893; x_wconf 75' lang='lat' dir='ltr'>rarius</span> <span class='ocrx_word' id='word_1_115' title='bbox 1472 1834 1539 1892; x_wconf 89' lang='lat' dir='ltr'>in</span> <span class='ocrx_word' id='word_1_116' title='bbox 1570 1835 1952 1914; x_wconf 69' lang='lat' dir='ltr'>temporibus</span> 
     </span>
     <span class='ocr_line' id='line_1_17' title="bbox 218 1937 1952 2017; baseline 0.002 -22"><span class='ocrx_word' id='word_1_117' title='bbox 218 1937 479 2015; x_wconf 84' lang='lat' dir='ltr'>legimus</span> <span class='ocrx_word' id='word_1_118' title='bbox 511 1937 831 1997; x_wconf 71' lang='lat' dir='ltr'>anteactis.</span> <span class='ocrx_word' id='word_1_119' title='bbox 919 1937 1138 2016; x_wconf 87' lang='lat' dir='ltr'>Neque</span> <span class='ocrx_word' id='word_1_120' title='bbox 1181 1937 1400 1997; x_wconf 76' lang='lat' dir='ltr'>melius</span> <span class='ocrx_word' id='word_1_121' title='bbox 1442 1938 1602 1997; x_wconf 88' lang='lat' dir='ltr'>hanc</span> <span class='ocrx_word' id='word_1_122' title='bbox 1630 1958 1761 1996; x_wconf 81' lang='lat' dir='ltr'>rem</span> <span class='ocrx_word' id='word_1_123' title='bbox 1792 1939 1952 2017; x_wconf 92' lang='lat' dir='ltr'>quis-</span> 
     </span>
     <span class='ocr_line' id='line_1_18' title="bbox 220 2040 1954 2120; baseline 0.001 -22"><span class='ocrx_word' id='word_1_124' title='bbox 220 2061 403 2119; x_wconf 92' lang='lat' dir='ltr'>quam</span> <span class='ocrx_word' id='word_1_125' title='bbox 447 2040 731 2120; x_wconf 85' lang='lat' dir='ltr'>exposuit</span> <span class='ocrx_word' id='word_1_126' title='bbox 777 2061 960 2119; x_wconf 91' lang='lat' dir='ltr'>quam</span> <span class='ocrx_word' id='word_1_127' title='bbox 1012 2040 1296 2120; x_wconf 81' lang='lat' dir='ltr'>egregius</span> <span class='ocrx_word' id='word_1_128' title='bbox 1340 2041 1441 2100; x_wconf 91' lang='lat' dir='ltr'>ille</span> <span class='ocrx_word' id='word_1_129' title='bbox 1485 2061 1560 2099; x_wconf 83' lang='lat' dir='ltr'>ex</span> <span class='ocrx_word' id='word_1_130' title='bbox 1606 2041 1804 2112; x_wconf 82' lang='lat' dir='ltr'>ClerO,</span> <span class='ocrx_word' id='word_1_131' title='bbox 1852 2041 1954 2120; x_wconf 91' lang='lat' dir='ltr'>qui</span> 
     </span>
     <span class='ocr_line' id='line_1_19' title="bbox 217 2142 1953 2224; baseline 0.002 -23"><span class='ocrx_word' id='word_1_132' title='bbox 217 2143 386 2204; x_wconf 89' lang='lat' dir='ltr'>hisce</span> <span class='ocrx_word' id='word_1_133' title='bbox 425 2164 575 2203; x_wconf 87' lang='lat' dir='ltr'>usus</span> <span class='ocrx_word' id='word_1_134' title='bbox 616 2151 711 2204; x_wconf 89' lang='lat' dir='ltr'>est</span> <span class='ocrx_word' id='word_1_135' title='bbox 740 2144 1054 2204; x_wconf 87' lang='lat' dir='ltr'>vocabulis</span> <span class='ocrx_word' id='word_1_136' title='bbox 1079 2166 1098 2218; x_wconf 5' lang='lat' dir='ltr'>:q</span> <span class='ocrx_word' id='word_1_137' title='bbox 1164 2150 1201 2175; x_wconf 77' lang='lat'>‘⁶</span> <span class='ocrx_word' id='word_1_138' title='bbox 1229 2142 1571 2223; x_wconf 77' lang='lat' dir='ltr'>Gigantum</span> <span class='ocrx_word' id='word_1_139' title='bbox 1626 2144 1746 2203; x_wconf 90' lang='lat' dir='ltr'>hoc</span> <span class='ocrx_word' id='word_1_140' title='bbox 1797 2165 1953 2224; x_wconf 89' lang='lat' dir='ltr'>opus</span> 
     </span>
     <span class='ocr_line' id='line_1_20' title="bbox 218 2245 1952 2325; baseline 0.001 -20"><span class='ocrx_word' id='word_1_141' title='bbox 218 2253 347 2305; x_wconf 90' lang='lat' dir='ltr'>est:</span> <span class='ocrx_word' id='word_1_142' title='bbox 396 2252 461 2305; x_wconf 87' lang='lat' dir='ltr'>at</span> <span class='ocrx_word' id='word_1_143' title='bbox 510 2246 652 2307; x_wconf 81' lang='lat' dir='ltr'>vero</span> <span class='ocrx_word' id='word_1_144' title='bbox 698 2267 826 2306; x_wconf 91' lang='lat' dir='ltr'>non</span> <span class='ocrx_word' id='word_1_145' title='bbox 878 2247 1107 2306; x_wconf 88' lang='lat' dir='ltr'>adsunt</span> <span class='ocrx_word' id='word_1_146' title='bbox 1161 2245 1483 2325; x_wconf 80' lang='lat' dir='ltr'>Gigantes,</span> <span class='ocrx_word' id='word_1_147' title='bbox 1537 2267 1737 2325; x_wconf 92' lang='lat' dir='ltr'>neque</span> <span class='ocrx_word' id='word_1_148' title='bbox 1786 2246 1952 2306; x_wconf 89' lang='lat' dir='ltr'>intra</span> 
     </span>
     <span class='ocr_line' id='line_1_21' title="bbox 218 2347 1232 2432; baseline -0.001 -25"><span class='ocrx_word' id='word_1_149' title='bbox 218 2349 508 2408; x_wconf 78' lang='lat' dir='ltr'>Ecclesiae</span> <span class='ocrx_word' id='word_1_150' title='bbox 541 2355 735 2428; x_wconf 87' lang='lat' dir='ltr'>septa,</span> <span class='ocrx_word' id='word_1_151' title='bbox 767 2370 965 2432; x_wconf 89' lang='lat' dir='ltr'>neque</span> <span class='ocrx_word' id='word_1_152' title='bbox 997 2347 1232 2408; x_wconf 81' lang='lat' dir='ltr'>extra.&#39;&#39;</span> 
     </span>
    </p>

    <p class='ocr_par' dir='ltr' id='par_1_7' title="bbox 214 2450 1948 2838">
     <span class='ocr_line' id='line_1_22' title="bbox 301 2450 1948 2530; baseline 0 -22"><span class='ocrx_word' id='word_1_153' title='bbox 301 2451 480 2509; x_wconf 89' lang='lat' dir='ltr'>Itane</span> <span class='ocrx_word' id='word_1_154' title='bbox 508 2451 697 2529; x_wconf 83' lang='lat' dir='ltr'>igitur</span> <span class='ocrx_word' id='word_1_155' title='bbox 727 2452 1178 2530; x_wconf 88' lang='lat' dir='ltr'>desperandum</span> <span class='ocrx_word' id='word_1_156' title='bbox 1208 2456 1321 2521; x_wconf 91' lang='lat' dir='ltr'>est,</span> <span class='ocrx_word' id='word_1_157' title='bbox 1350 2470 1465 2510; x_wconf 92' lang='lat' dir='ltr'>nec</span> <span class='ocrx_word' id='word_1_158' title='bbox 1489 2455 1748 2510; x_wconf 90' lang='lat' dir='ltr'>conatus</span> <span class='ocrx_word' id='word_1_159' title='bbox 1779 2450 1948 2509; x_wconf 89' lang='lat' dir='ltr'>adhi-</span> 
     </span>
     <span class='ocr_line' id='line_1_23' title="bbox 214 2552 1948 2632; baseline 0.001 -20"><span class='ocrx_word' id='word_1_160' title='bbox 214 2553 447 2612; x_wconf 80' lang='lat' dir='ltr'>bendi?</span> <span class='ocrx_word' id='word_1_161' title='bbox 533 2553 788 2612; x_wconf 74' lang='lat' dir='ltr'>Minime</span> <span class='ocrx_word' id='word_1_162' title='bbox 846 2554 1141 2632; x_wconf 84' lang='lat' dir='ltr'>gentium.</span> <span class='ocrx_word' id='word_1_163' title='bbox 1255 2552 1508 2612; x_wconf 82' lang='lat' dir='ltr'>Etenim</span> <span class='ocrx_word' id='word_1_164' title='bbox 1563 2553 1670 2611; x_wconf 91' lang='lat' dir='ltr'>ubi</span> <span class='ocrx_word' id='word_1_165' title='bbox 1728 2553 1948 2631; x_wconf 89' lang='lat' dir='ltr'>aliquis</span> 
     </span>
     <span class='ocr_line' id='line_1_24' title="bbox 217 2655 1946 2736; baseline 0 -22"><span class='ocrx_word' id='word_1_166' title='bbox 217 2655 642 2715; x_wconf 88' lang='lat' dir='ltr'>difficultatem</span> <span class='ocrx_word' id='word_1_167' title='bbox 672 2657 1012 2734; x_wconf 81' lang='lat' dir='ltr'>agnoverit,</span> <span class='ocrx_word' id='word_1_168' title='bbox 1039 2657 1168 2735; x_wconf 84' lang='lat' dir='ltr'>jam</span> <span class='ocrx_word' id='word_1_169' title='bbox 1197 2656 1465 2735; x_wconf 90' lang='lat' dir='ltr'>primum</span> <span class='ocrx_word' id='word_1_170' title='bbox 1494 2657 1774 2736; x_wconf 83' lang='lat' dir='ltr'>gradum,</span> <span class='ocrx_word' id='word_1_171' title='bbox 1801 2677 1946 2717; x_wconf 90' lang='lat' dir='ltr'>eun-</span> 
     </span>
     <span class='ocr_line' id='line_1_25' title="bbox 218 2758 1425 2838; baseline 0.002 -21"><span class='ocrx_word' id='word_1_172' title='bbox 218 2758 477 2838; x_wconf 86' lang='lat' dir='ltr'>demque</span> <span class='ocrx_word' id='word_1_173' title='bbox 507 2758 944 2831; x_wconf 86' lang='lat' dir='ltr'>difficillimum,</span> <span class='ocrx_word' id='word_1_174' title='bbox 980 2759 1425 2838; x_wconf 86' lang='lat' dir='ltr'>superavimus.</span> 
     </span>
    </p>
   </div>
   <div class='ocr_carea' id='block_1_5' title="bbox 1046 2932 1125 2991">
    <p class='ocr_par' dir='ltr' id='par_1_8' title="bbox 1046 2932 1125 2991">
     <span class='ocr_line' id='line_1_26' title="bbox 1046 2932 1125 2991; baseline -0.013 0"><span class='ocrx_word' id='word_1_175' title='bbox 1046 2932 1125 2991; x_wconf 83' lang='lat' dir='ltr'>V.</span> 
     </span>
    </p>
   </div>
   <div class='ocr_carea' id='block_1_6' title="bbox 207 3053 1944 3463">
    <p class='ocr_par' dir='ltr' id='par_1_9' title="bbox 207 3053 1944 3463">
     <span class='ocr_line' id='line_1_27' title="bbox 632 3053 1526 3116; baseline -0.004 -1"><span class='ocrx_word' id='word_1_176' title='bbox 632 3054 974 3116; x_wconf 82' lang='lat' dir='ltr'>Concilium</span> <span class='ocrx_word' id='word_1_177' title='bbox 1039 3053 1526 3114; x_wconf 88' lang='lat' dir='ltr'>OEcumenicum.</span> 
     </span>
     <span class='ocr_line' id='line_1_28' title="bbox 293 3175 1944 3258; baseline -0.001 -22"><span class='ocrx_word' id='word_1_178' title='bbox 293 3178 395 3236; x_wconf 92' lang='lat' dir='ltr'>Ad</span> <span class='ocrx_word' id='word_1_179' title='bbox 442 3178 560 3238; x_wconf 92' lang='lat' dir='ltr'>hoc</span> <span class='ocrx_word' id='word_1_180' title='bbox 611 3198 766 3258; x_wconf 89' lang='lat' dir='ltr'>opus</span> <span class='ocrx_word' id='word_1_181' title='bbox 825 3177 1270 3238; x_wconf 89' lang='lat' dir='ltr'>conficiendum</span> <span class='ocrx_word' id='word_1_182' title='bbox 1327 3176 1565 3235; x_wconf 92' lang='lat' dir='ltr'>nullum</span> <span class='ocrx_word' id='word_1_183' title='bbox 1610 3175 1944 3255; x_wconf 89' lang='lat' dir='ltr'>requiritur</span> 
     </span>
     <span class='ocr_line' id='line_1_29' title="bbox 211 3276 1932 3360; baseline -0.001 -22"><span class='ocrx_word' id='word_1_184' title='bbox 211 3276 587 3340; x_wconf 79' lang='lat' dir='ltr'>Concilium:</span> <span class='ocrx_word' id='word_1_185' title='bbox 637 3280 935 3360; x_wconf 89' lang='lat' dir='ltr'>siquidem</span> <span class='ocrx_word' id='word_1_186' title='bbox 976 3280 1129 3339; x_wconf 89' lang='lat' dir='ltr'>nihil</span> <span class='ocrx_word' id='word_1_187' title='bbox 1169 3279 1315 3340; x_wconf 87' lang='lat' dir='ltr'>novi</span> <span class='ocrx_word' id='word_1_188' title='bbox 1346 3280 1608 3339; x_wconf 85' lang='lat' dir='ltr'>habetur</span> <span class='ocrx_word' id='word_1_189' title='bbox 1637 3279 1810 3358; x_wconf 84' lang='lat' dir='ltr'>cujus</span> <span class='ocrx_word' id='word_1_190' title='bbox 1839 3278 1932 3336; x_wconf 89' lang='lat' dir='ltr'>in-</span> 
     </span>
     <span class='ocr_line' id='line_1_30' title="bbox 207 3381 1940 3463; baseline -0.001 -22"><span class='ocrx_word' id='word_1_191' title='bbox 207 3381 679 3460; x_wconf 85' lang='lat' dir='ltr'>vestigationem</span> <span class='ocrx_word' id='word_1_192' title='bbox 728 3383 861 3444; x_wconf 90' lang='lat' dir='ltr'>fieri</span> <span class='ocrx_word' id='word_1_193' title='bbox 906 3387 1206 3463; x_wconf 86' lang='lat' dir='ltr'>oporteat,</span> <span class='ocrx_word' id='word_1_194' title='bbox 1255 3381 1356 3443; x_wconf 89' lang='lat' dir='ltr'>vel</span> <span class='ocrx_word' id='word_1_195' title='bbox 1407 3382 1483 3442; x_wconf 90' lang='lat' dir='ltr'>de</span> <span class='ocrx_word' id='word_1_196' title='bbox 1537 3402 1657 3460; x_wconf 93' lang='lat' dir='ltr'>quo</span> <span class='ocrx_word' id='word_1_197' title='bbox 1708 3401 1940 3442; x_wconf 86' lang='lat' dir='ltr'>novum</span> 
     </span>
    </p>
   </div>
  </div>
 </body>
</html>
