<?xml version="1.0" encoding="UTF-8"?>
<!DOCTYPE html PUBLIC "-//W3C//DTD XHTML 1.0 Transitional//EN"
    "http://www.w3.org/TR/xhtml1/DTD/xhtml1-transitional.dtd">
<html xmlns="http://www.w3.org/1999/xhtml" xml:lang="en" lang="en">
 <head>
  <title>
</title>
<meta http-equiv="Content-Type" content="text/html;charset=utf-8" />
  <meta name='ocr-system' content='tesseract 3.04.00' />
  <meta name='ocr-capabilities' content='ocr_page ocr_carea ocr_par ocr_line ocrx_word'/>
</head>
<body>
  <div class='ocr_page' id='page_1' title='image "a611530900urquuoft_0095.png"; bbox 0 0 2236 3814; ppageno 0'>
   <div class='ocr_carea' id='block_1_1' title="bbox 0 3015 31 3814">
    <p class='ocr_par' dir='ltr' id='par_1_1' title="bbox 0 3015 31 3814">
     <span class='ocr_line' id='line_1_1' title="bbox 0 3015 31 3814; baseline 0 0"><span class='ocrx_word' id='word_1_1' title='bbox 0 3015 31 3814; x_wconf 95' lang='lat' dir='ltr'> </span> 
     </span>
    </p>
   </div>
   <div class='ocr_carea' id='block_1_2' title="bbox 1066 218 1142 275">
    <p class='ocr_par' dir='ltr' id='par_1_2' title="bbox 1066 218 1142 275">
     <span class='ocr_line' id='line_1_2' title="bbox 1066 218 1142 275; baseline 0 0"><span class='ocrx_word' id='word_1_2' title='bbox 1066 218 1142 275; x_wconf 82' lang='lat'>91</span> 
     </span>
    </p>
   </div>
   <div class='ocr_carea' id='block_1_3' title="bbox 189 382 2002 3496">
    <p class='ocr_par' dir='ltr' id='par_1_3' title="bbox 242 382 1989 1280">
     <span class='ocr_line' id='line_1_3' title="bbox 337 382 1989 463; baseline -0.001 -20"><span class='ocrx_word' id='word_1_3' title='bbox 337 383 422 444; x_wconf 82' lang='lat' dir='ltr'>Et</span> <span class='ocrx_word' id='word_1_4' title='bbox 449 405 518 444; x_wconf 92' lang='lat' dir='ltr'>re</span> <span class='ocrx_word' id='word_1_5' title='bbox 549 383 797 463; x_wconf 87' lang='lat' dir='ltr'>quidem</span> <span class='ocrx_word' id='word_1_6' title='bbox 826 382 991 455; x_wconf 67' lang='lat' dir='ltr'>vera,</span> <span class='ocrx_word' id='word_1_7' title='bbox 1027 383 1251 443; x_wconf 89' lang='lat' dir='ltr'>solatio</span> <span class='ocrx_word' id='word_1_8' title='bbox 1282 390 1499 462; x_wconf 88' lang='lat' dir='ltr'>posset</span> <span class='ocrx_word' id='word_1_9' title='bbox 1543 405 1680 444; x_wconf 91' lang='lat' dir='ltr'>esse</span> <span class='ocrx_word' id='word_1_10' title='bbox 1707 384 1900 456; x_wconf 92' lang='lat' dir='ltr'>locus,</span> <span class='ocrx_word' id='word_1_11' title='bbox 1937 382 1989 443; x_wconf 90' lang='lat' dir='ltr'>si</span> 
     </span>
     <span class='ocr_line' id='line_1_4' title="bbox 248 486 1983 567; baseline 0 -21"><span class='ocrx_word' id='word_1_12' title='bbox 248 507 284 546; x_wconf 90' lang='lat' dir='ltr'>a</span> <span class='ocrx_word' id='word_1_13' title='bbox 309 486 738 548; x_wconf 83' lang='lat' dir='ltr'>Cardinalibus</span> <span class='ocrx_word' id='word_1_14' title='bbox 762 486 1007 547; x_wconf 77' lang='lat' dir='ltr'>tantum</span> <span class='ocrx_word' id='word_1_15' title='bbox 1029 487 1331 567; x_wconf 87' lang='lat' dir='ltr'>penderet</span> <span class='ocrx_word' id='word_1_16' title='bbox 1351 487 1720 548; x_wconf 89' lang='lat' dir='ltr'>Pontificem</span> <span class='ocrx_word' id='word_1_17' title='bbox 1740 489 1983 567; x_wconf 80' lang='lat' dir='ltr'>eligere.</span> 
     </span>
     <span class='ocr_line' id='line_1_5' title="bbox 245 591 1986 672; baseline 0 -23"><span class='ocrx_word' id='word_1_18' title='bbox 245 591 335 650; x_wconf 92' lang='lat' dir='ltr'>At</span> <span class='ocrx_word' id='word_1_19' title='bbox 380 592 563 672; x_wconf 80' lang='lat' dir='ltr'>longe</span> <span class='ocrx_word' id='word_1_20' title='bbox 611 592 792 652; x_wconf 91' lang='lat' dir='ltr'>aliter</span> <span class='ocrx_word' id='word_1_21' title='bbox 841 611 942 650; x_wconf 92' lang='lat' dir='ltr'>res</span> <span class='ocrx_word' id='word_1_22' title='bbox 992 611 1058 651; x_wconf 91' lang='lat' dir='ltr'>se</span> <span class='ocrx_word' id='word_1_23' title='bbox 1105 591 1313 650; x_wconf 89' lang='lat' dir='ltr'>habet.</span> <span class='ocrx_word' id='word_1_24' title='bbox 1403 591 1567 651; x_wconf 91' lang='lat' dir='ltr'>Nam</span> <span class='ocrx_word' id='word_1_25' title='bbox 1608 592 1848 650; x_wconf 80' lang='lat' dir='ltr'>externi</span> <span class='ocrx_word' id='word_1_26' title='bbox 1874 592 1986 650; x_wconf 92' lang='lat' dir='ltr'>im-</span> 
     </span>
     <span class='ocr_line' id='line_1_6' title="bbox 243 693 1985 775; baseline -0.001 -21"><span class='ocrx_word' id='word_1_27' title='bbox 243 696 459 775; x_wconf 90' lang='lat' dir='ltr'>pulsus</span> <span class='ocrx_word' id='word_1_28' title='bbox 487 696 616 757; x_wconf 86' lang='lat' dir='ltr'>vim</span> <span class='ocrx_word' id='word_1_29' title='bbox 656 696 890 755; x_wconf 87' lang='lat' dir='ltr'>habent</span> <span class='ocrx_word' id='word_1_30' title='bbox 934 693 1277 765; x_wconf 84' lang='lat' dir='ltr'>evincendi,</span> <span class='ocrx_word' id='word_1_31' title='bbox 1316 693 1593 774; x_wconf 88' lang='lat' dir='ltr'>nihilque</span> <span class='ocrx_word' id='word_1_32' title='bbox 1637 700 1812 754; x_wconf 87' lang='lat' dir='ltr'>vetat</span> <span class='ocrx_word' id='word_1_33' title='bbox 1844 714 1985 772; x_wconf 89' lang='lat' dir='ltr'>sup-</span> 
     </span>
     <span class='ocr_line' id='line_1_7' title="bbox 244 792 1987 880; baseline -0.001 -21"><span class='ocrx_word' id='word_1_34' title='bbox 244 821 476 880; x_wconf 86' lang='lat' dir='ltr'>ponere</span> <span class='ocrx_word' id='word_1_35' title='bbox 525 801 657 861; x_wconf 84' lang='lat' dir='ltr'>haec</span> <span class='ocrx_word' id='word_1_36' title='bbox 707 806 1046 871; x_wconf 89' lang='lat' dir='ltr'>momenta,</span> <span class='ocrx_word' id='word_1_37' title='bbox 1107 792 1427 878; x_wconf 90' lang='lat' dir='ltr'>hucusque</span> <span class='ocrx_word' id='word_1_38' title='bbox 1485 799 1550 857; x_wconf 92' lang='lat' dir='ltr'>in</span> <span class='ocrx_word' id='word_1_39' title='bbox 1598 798 1987 879; x_wconf 83' lang='lat' dir='ltr'>aequipondio</span> 
     </span>
     <span class='ocr_line' id='line_1_8' title="bbox 247 905 1986 986; baseline -0.002 -21"><span class='ocrx_word' id='word_1_40' title='bbox 247 905 458 985; x_wconf 89' lang='lat' dir='ltr'>positi,</span> <span class='ocrx_word' id='word_1_41' title='bbox 525 926 711 986; x_wconf 89' lang='lat' dir='ltr'>posse</span> <span class='ocrx_word' id='word_1_42' title='bbox 791 905 1122 984; x_wconf 86' lang='lat' dir='ltr'>aliquando</span> <span class='ocrx_word' id='word_1_43' title='bbox 1216 905 1282 963; x_wconf 92' lang='lat' dir='ltr'>in</span> <span class='ocrx_word' id='word_1_44' title='bbox 1356 925 1551 963; x_wconf 92' lang='lat' dir='ltr'>unum</span> <span class='ocrx_word' id='word_1_45' title='bbox 1624 905 1986 964; x_wconf 89' lang='lat' dir='ltr'>coalescere.</span> 
     </span>
     <span class='ocr_line' id='line_1_9' title="bbox 246 1008 1986 1088; baseline -0.001 -20"><span class='ocrx_word' id='word_1_46' title='bbox 246 1008 429 1082; x_wconf 80' lang='lat' dir='ltr'>Quod</span> <span class='ocrx_word' id='word_1_47' title='bbox 487 1009 540 1070; x_wconf 93' lang='lat' dir='ltr'>si</span> <span class='ocrx_word' id='word_1_48' title='bbox 597 1011 792 1081; x_wconf 90' lang='lat' dir='ltr'>fieret,</span> <span class='ocrx_word' id='word_1_49' title='bbox 843 1010 1083 1068; x_wconf 91' lang='lat' dir='ltr'>nullum</span> <span class='ocrx_word' id='word_1_50' title='bbox 1153 1015 1515 1088; x_wconf 74' lang='lat' dir='ltr'>sequeretur</span> <span class='ocrx_word' id='word_1_51' title='bbox 1573 1010 1986 1079; x_wconf 84' lang='lat' dir='ltr'>commodum,</span> 
     </span>
     <span class='ocr_line' id='line_1_10' title="bbox 242 1113 1989 1194; baseline -0.002 -21"><span class='ocrx_word' id='word_1_52' title='bbox 242 1114 432 1174; x_wconf 88' lang='lat' dir='ltr'>immo</span> <span class='ocrx_word' id='word_1_53' title='bbox 481 1130 793 1175; x_wconf 89' lang='lat' dir='ltr'>summum</span> <span class='ocrx_word' id='word_1_54' title='bbox 837 1114 1210 1194; x_wconf 83' lang='lat' dir='ltr'>periculum3</span> <span class='ocrx_word' id='word_1_55' title='bbox 1259 1135 1337 1173; x_wconf 93' lang='lat' dir='ltr'>ex</span> <span class='ocrx_word' id='word_1_56' title='bbox 1382 1135 1454 1174; x_wconf 91' lang='lat' dir='ltr'>eo</span> <span class='ocrx_word' id='word_1_57' title='bbox 1501 1115 1670 1193; x_wconf 83' lang='lat' dir='ltr'>quod</span> <span class='ocrx_word' id='word_1_58' title='bbox 1699 1113 1989 1173; x_wconf 87' lang='lat' dir='ltr'>Pontifex</span> 
     </span>
     <span class='ocr_line' id='line_1_11' title="bbox 244 1218 1173 1280; baseline -0.002 0"><span class='ocrx_word' id='word_1_59' title='bbox 244 1219 343 1280; x_wconf 70' lang='lat' dir='ltr'>via</span> <span class='ocrx_word' id='word_1_60' title='bbox 372 1218 630 1280; x_wconf 65' lang='lat' dir='ltr'>electiva</span> <span class='ocrx_word' id='word_1_61' title='bbox 659 1219 741 1279; x_wconf 92' lang='lat' dir='ltr'>sit</span> <span class='ocrx_word' id='word_1_62' title='bbox 771 1219 1173 1279; x_wconf 87' lang='lat' dir='ltr'>constitutus.</span> 
     </span>
    </p>

    <p class='ocr_par' dir='ltr' id='par_1_4' title="bbox 189 1321 1994 2761">
     <span class='ocr_line' id='line_1_12' title="bbox 328 1321 1994 1398; baseline -0.001 -15"><span class='ocrx_word' id='word_1_63' title='bbox 328 1324 533 1398; x_wconf 80' lang='lat' dir='ltr'>Quum</span> <span class='ocrx_word' id='word_1_64' title='bbox 553 1323 688 1383; x_wconf 84' lang='lat' dir='ltr'>Rex</span> <span class='ocrx_word' id='word_1_65' title='bbox 719 1321 990 1384; x_wconf 76' lang='lat' dir='ltr'>Gallicus</span> <span class='ocrx_word' id='word_1_66' title='bbox 1015 1323 1297 1382; x_wconf 86' lang='lat' dir='ltr'>Romano</span> <span class='ocrx_word' id='word_1_67' title='bbox 1320 1323 1610 1384; x_wconf 90' lang='lat' dir='ltr'>Pontifici</span> <span class='ocrx_word' id='word_1_68' title='bbox 1633 1323 1994 1383; x_wconf 88' lang='lat' dir='ltr'>Dominium</span> 
     </span>
     <span class='ocr_line' id='line_1_13' title="bbox 247 1425 1993 1509; baseline -0.001 -20"><span class='ocrx_word' id='word_1_69' title='bbox 247 1429 614 1509; x_wconf 82' lang='lat' dir='ltr'>Temporale</span> <span class='ocrx_word' id='word_1_70' title='bbox 657 1427 1022 1498; x_wconf 91' lang='lat' dir='ltr'>restituerit,</span> <span class='ocrx_word' id='word_1_71' title='bbox 1072 1449 1200 1487; x_wconf 91' lang='lat' dir='ltr'>non</span> <span class='ocrx_word' id='word_1_72' title='bbox 1240 1428 1548 1487; x_wconf 92' lang='lat' dir='ltr'>absonum</span> <span class='ocrx_word' id='word_1_73' title='bbox 1589 1427 1706 1486; x_wconf 84' lang='lat' dir='ltr'>fuit</span> <span class='ocrx_word' id='word_1_74' title='bbox 1745 1425 1993 1507; x_wconf 62' lang='lat' dir='ltr'>utspro-</span> 
     </span>
     <span class='ocr_line' id='line_1_14' title="bbox 243 1530 1992 1612; baseline -0.002 -17"><span class='ocrx_word' id='word_1_75' title='bbox 243 1534 484 1595; x_wconf 83' lang='lat' dir='ltr'>videret</span> <span class='ocrx_word' id='word_1_76' title='bbox 511 1555 590 1594; x_wconf 93' lang='lat' dir='ltr'>ne</span> <span class='ocrx_word' id='word_1_77' title='bbox 619 1533 778 1594; x_wconf 77' lang='lat' dir='ltr'>forte</span> <span class='ocrx_word' id='word_1_78' title='bbox 810 1530 947 1612; x_wconf 88' lang='lat' dir='ltr'>quis</span> <span class='ocrx_word' id='word_1_79' title='bbox 987 1532 1178 1594; x_wconf 76' lang='lat' dir='ltr'>Gallis</span> <span class='ocrx_word' id='word_1_80' title='bbox 1224 1533 1501 1593; x_wconf 89' lang='lat' dir='ltr'>infensus</span> <span class='ocrx_word' id='word_1_81' title='bbox 1530 1533 1596 1592; x_wconf 93' lang='lat' dir='ltr'>in</span> <span class='ocrx_word' id='word_1_82' title='bbox 1625 1533 1992 1593; x_wconf 90' lang='lat' dir='ltr'>Pontificem</span> 
     </span>
     <span class='ocr_line' id='line_1_15' title="bbox 246 1636 1991 1718; baseline -0.001 -21"><span class='ocrx_word' id='word_1_83' title='bbox 246 1639 598 1718; x_wconf 69' lang='lat' dir='ltr'>eligeretur,</span> <span class='ocrx_word' id='word_1_84' title='bbox 630 1638 729 1698; x_wconf 87' lang='lat' dir='ltr'>vel</span> <span class='ocrx_word' id='word_1_85' title='bbox 771 1658 850 1696; x_wconf 91' lang='lat' dir='ltr'>ne</span> <span class='ocrx_word' id='word_1_86' title='bbox 882 1637 1017 1716; x_wconf 90' lang='lat' dir='ltr'>quis</span> <span class='ocrx_word' id='word_1_87' title='bbox 1056 1658 1197 1697; x_wconf 92' lang='lat' dir='ltr'>cum</span> <span class='ocrx_word' id='word_1_88' title='bbox 1227 1637 1302 1696; x_wconf 93' lang='lat' dir='ltr'>iis</span> <span class='ocrx_word' id='word_1_89' title='bbox 1334 1637 1564 1697; x_wconf 81' lang='lat' dir='ltr'>foedere</span> <span class='ocrx_word' id='word_1_90' title='bbox 1594 1638 1692 1697; x_wconf 83' lang='lat' dir='ltr'>Vel</span> <span class='ocrx_word' id='word_1_91' title='bbox 1723 1636 1991 1696; x_wconf 67' lang='lat' dir='ltr'>amicitia</span> 
     </span>
     <span class='ocr_line' id='line_1_16' title="bbox 246 1739 1992 1822; baseline -0.002 -20"><span class='ocrx_word' id='word_1_92' title='bbox 246 1743 614 1822; x_wconf 86' lang='lat' dir='ltr'>conjunctus</span> <span class='ocrx_word' id='word_1_93' title='bbox 689 1739 1039 1811; x_wconf 79' lang='lat' dir='ltr'>Guberniis,</span> <span class='ocrx_word' id='word_1_94' title='bbox 1102 1740 1471 1819; x_wconf 81' lang='lat' dir='ltr'>quibuscum</span> <span class='ocrx_word' id='word_1_95' title='bbox 1545 1739 1707 1801; x_wconf 80' lang='lat' dir='ltr'>Galli</span> <span class='ocrx_word' id='word_1_96' title='bbox 1760 1740 1992 1799; x_wconf 91' lang='lat' dir='ltr'>bellum</span> 
     </span>
     <span class='ocr_line' id='line_1_17' title="bbox 246 1844 1989 1928; baseline -0.002 -21"><span class='ocrx_word' id='word_1_97' title='bbox 246 1852 583 1928; x_wconf 81' lang='lat' dir='ltr'>gererent3</span> <span class='ocrx_word' id='word_1_98' title='bbox 661 1866 798 1926; x_wconf 71' lang='lat' dir='ltr'>quae</span> <span class='ocrx_word' id='word_1_99' title='bbox 854 1845 1089 1924; x_wconf 90' lang='lat' dir='ltr'>utique,</span> <span class='ocrx_word' id='word_1_100' title='bbox 1138 1845 1203 1903; x_wconf 95' lang='lat' dir='ltr'>in</span> <span class='ocrx_word' id='word_1_101' title='bbox 1254 1844 1436 1904; x_wconf 69' lang='lat' dir='ltr'>Italia</span> <span class='ocrx_word' id='word_1_102' title='bbox 1495 1851 1558 1905; x_wconf 93' lang='lat' dir='ltr'>et</span> <span class='ocrx_word' id='word_1_103' title='bbox 1616 1844 1989 1905; x_wconf 90' lang='lat' dir='ltr'>auctoritate</span> 
     </span>
     <span class='ocr_line' id='line_1_18' title="bbox 247 1941 1991 2022; baseline -0.001 -10"><span class='ocrx_word' id='word_1_104' title='bbox 247 1941 572 2012; x_wconf 70' lang='lat' dir='ltr'>Pontificia</span> <span class='ocrx_word' id='word_1_105' title='bbox 608 1951 726 2011; x_wconf 91' lang='lat' dir='ltr'>sibi</span> <span class='ocrx_word' id='word_1_106' title='bbox 762 1949 1162 2022; x_wconf 74' lang='lat' dir='ltr'>concilianda,</span> <span class='ocrx_word' id='word_1_107' title='bbox 1209 1950 1550 2009; x_wconf 90' lang='lat' dir='ltr'>maximum</span> <span class='ocrx_word' id='word_1_108' title='bbox 1580 1949 1991 2010; x_wconf 79' lang='lat' dir='ltr'>aemulationis</span> 
     </span>
     <span class='ocr_line' id='line_1_19' title="bbox 245 2055 1992 2136; baseline -0.001 -20"><span class='ocrx_word' id='word_1_109' title='bbox 245 2077 535 2136; x_wconf 90' lang='lat' dir='ltr'>campum</span> <span class='ocrx_word' id='word_1_110' title='bbox 565 2061 960 2135; x_wconf 86' lang='lat' dir='ltr'>aperuerunt.</span> <span class='ocrx_word' id='word_1_111' title='bbox 1049 2055 1379 2114; x_wconf 90' lang='lat' dir='ltr'>Annorum</span> <span class='ocrx_word' id='word_1_112' title='bbox 1402 2061 1612 2114; x_wconf 91' lang='lat' dir='ltr'>autem</span> <span class='ocrx_word' id='word_1_113' title='bbox 1644 2055 1910 2114; x_wconf 86' lang='lat' dir='ltr'>decursu</span> <span class='ocrx_word' id='word_1_114' title='bbox 1929 2062 1992 2114; x_wconf 89' lang='lat' dir='ltr'>et</span> 
     </span>
     <span class='ocr_line' id='line_1_20' title="bbox 247 2156 1992 2239; baseline -0.002 -17"><span class='ocrx_word' id='word_1_115' title='bbox 247 2156 604 2230; x_wconf 86' lang='lat' dir='ltr'>eventuum,</span> <span class='ocrx_word' id='word_1_116' title='bbox 628 2159 729 2219; x_wconf 88' lang='lat' dir='ltr'>alii</span> <span class='ocrx_word' id='word_1_117' title='bbox 758 2159 944 2218; x_wconf 92' lang='lat' dir='ltr'>etiam</span> <span class='ocrx_word' id='word_1_118' title='bbox 974 2158 1352 2218; x_wconf 88' lang='lat' dir='ltr'>Potentatus</span> <span class='ocrx_word' id='word_1_119' title='bbox 1386 2159 1579 2218; x_wconf 89' lang='lat' dir='ltr'>simile</span> <span class='ocrx_word' id='word_1_120' title='bbox 1601 2159 1992 2239; x_wconf 80' lang='lat' dir='ltr'>privilegium</span> 
     </span>
     <span class='ocr_line' id='line_1_21' title="bbox 249 2262 1991 2335; baseline -0.001 -9"><span class='ocrx_word' id='word_1_121' title='bbox 249 2263 643 2327; x_wconf 69' lang='lat' dir='ltr'>vindicarunt</span> <span class='ocrx_word' id='word_1_122' title='bbox 686 2263 821 2335; x_wconf 88' lang='lat' dir='ltr'>sibi,</span> <span class='ocrx_word' id='word_1_123' title='bbox 861 2268 925 2322; x_wconf 93' lang='lat' dir='ltr'>et</span> <span class='ocrx_word' id='word_1_124' title='bbox 969 2263 1395 2322; x_wconf 91' lang='lat' dir='ltr'>obtinuerunt.</span> <span class='ocrx_word' id='word_1_125' title='bbox 1491 2262 1632 2323; x_wconf 91' lang='lat' dir='ltr'>Hoc</span> <span class='ocrx_word' id='word_1_126' title='bbox 1670 2270 1879 2323; x_wconf 90' lang='lat' dir='ltr'>autem</span> <span class='ocrx_word' id='word_1_127' title='bbox 1919 2285 1991 2325; x_wconf 95' lang='lat' dir='ltr'>eo</span> 
     </span>
     <span class='ocr_line' id='line_1_22' title="bbox 238 2367 1992 2451; baseline 0 -22"><span class='ocrx_word' id='word_1_128' title='bbox 238 2371 380 2451; x_wconf 83' lang='lat' dir='ltr'>jure</span> <span class='ocrx_word' id='word_1_129' title='bbox 424 2368 940 2439; x_wconf 80' lang='lat' dir='ltr'>constituebatur,</span> <span class='ocrx_word' id='word_1_130' title='bbox 974 2367 1231 2427; x_wconf 85' lang='lat' dir='ltr'>vetandi</span> <span class='ocrx_word' id='word_1_131' title='bbox 1283 2367 1517 2427; x_wconf 86' lang='lat' dir='ltr'>scilicet</span> <span class='ocrx_word' id='word_1_132' title='bbox 1566 2389 1754 2427; x_wconf 72' lang='lat' dir='ltr'>unum</span> <span class='ocrx_word' id='word_1_133' title='bbox 1798 2390 1875 2429; x_wconf 91' lang='lat' dir='ltr'>ex</span> <span class='ocrx_word' id='word_1_134' title='bbox 1916 2369 1992 2429; x_wconf 90' lang='lat' dir='ltr'>iis</span> 
     </span>
     <span class='ocr_line' id='line_1_23' title="bbox 249 2470 1992 2554; baseline -0.001 -20"><span class='ocrx_word' id='word_1_135' title='bbox 249 2474 356 2554; x_wconf 90' lang='lat' dir='ltr'>qui</span> <span class='ocrx_word' id='word_1_136' title='bbox 415 2474 495 2533; x_wconf 86' lang='lat' dir='ltr'>ad</span> <span class='ocrx_word' id='word_1_137' title='bbox 567 2470 977 2532; x_wconf 73' lang='lat' dir='ltr'>Pontificati‘is</span> <span class='ocrx_word' id='word_1_138' title='bbox 1056 2470 1430 2551; x_wconf 82' lang='lat' dir='ltr'>dignitatem</span> <span class='ocrx_word' id='word_1_139' title='bbox 1501 2472 1992 2533; x_wconf 85' lang='lat' dir='ltr'>nominarentur.</span> 
     </span>
     <span class='ocr_line' id='line_1_24' title="bbox 189 2574 1992 2657; baseline -0.001 -19"><span class='ocrx_word' id='word_1_140' title='bbox 189 2587 196 2592; x_wconf 88' lang='lat'>&#39;</span> <span class='ocrx_word' id='word_1_141' title='bbox 252 2577 434 2653; x_wconf 78' lang='lat' dir='ltr'>Quod</span> <span class='ocrx_word' id='word_1_142' title='bbox 468 2576 719 2657; x_wconf 89' lang='lat' dir='ltr'>quidem</span> <span class='ocrx_word' id='word_1_143' title='bbox 760 2576 963 2635; x_wconf 90' lang='lat' dir='ltr'>tribus</span> <span class='ocrx_word' id='word_1_144' title='bbox 1006 2576 1329 2655; x_wconf 88' lang='lat' dir='ltr'>hucusque</span> <span class='ocrx_word' id='word_1_145' title='bbox 1372 2574 1676 2637; x_wconf 79' lang='lat' dir='ltr'>Gentibus</span> <span class='ocrx_word' id='word_1_146' title='bbox 1718 2583 1814 2637; x_wconf 90' lang='lat' dir='ltr'>est</span> <span class='ocrx_word' id='word_1_147' title='bbox 1851 2598 1992 2638; x_wconf 93' lang='lat' dir='ltr'>con-</span> 
     </span>
     <span class='ocr_line' id='line_1_25' title="bbox 251 2679 1871 2761; baseline -0.002 -17"><span class='ocrx_word' id='word_1_148' title='bbox 251 2703 514 2753; x_wconf 90' lang='lat' dir='ltr'>cessum,</span> <span class='ocrx_word' id='word_1_149' title='bbox 548 2679 762 2742; x_wconf 76' lang='lat' dir='ltr'>Galliae</span> <span class='ocrx_word' id='word_1_150' title='bbox 791 2679 1099 2752; x_wconf 86' lang='lat' dir='ltr'>videlicet,</span> <span class='ocrx_word' id='word_1_151' title='bbox 1131 2681 1406 2741; x_wconf 83' lang='lat' dir='ltr'>Austriae</span> <span class='ocrx_word' id='word_1_152' title='bbox 1438 2687 1501 2741; x_wconf 89' lang='lat' dir='ltr'>et</span> <span class='ocrx_word' id='word_1_153' title='bbox 1531 2680 1871 2761; x_wconf 76' lang='lat' dir='ltr'>Hispaniae.</span> 
     </span>
    </p>

    <p class='ocr_par' dir='ltr' id='par_1_5' title="bbox 250 2782 2002 3496">
     <span class='ocr_line' id='line_1_26' title="bbox 338 2782 1994 2866; baseline -0.001 -20"><span class='ocrx_word' id='word_1_154' title='bbox 338 2786 577 2861; x_wconf 81' lang='lat' dir='ltr'>Quibus</span> <span class='ocrx_word' id='word_1_155' title='bbox 617 2805 694 2845; x_wconf 90' lang='lat' dir='ltr'>ex</span> <span class='ocrx_word' id='word_1_156' title='bbox 725 2782 1050 2856; x_wconf 80' lang='lat' dir='ltr'>Gentibus,</span> <span class='ocrx_word' id='word_1_157' title='bbox 1082 2784 1284 2864; x_wconf 89' lang='lat' dir='ltr'>prima</span> <span class='ocrx_word' id='word_1_158' title='bbox 1321 2791 1501 2866; x_wconf 90' lang='lat' dir='ltr'>paret</span> <span class='ocrx_word' id='word_1_159' title='bbox 1530 2785 1619 2844; x_wconf 88' lang='lat' dir='ltr'>illi</span> <span class='ocrx_word' id='word_1_160' title='bbox 1647 2786 1780 2846; x_wconf 88' lang='lat' dir='ltr'>viro</span> <span class='ocrx_word' id='word_1_161' title='bbox 1813 2806 1994 2865; x_wconf 92' lang='lat' dir='ltr'>quem</span> 
     </span>
     <span class='ocr_line' id='line_1_27' title="bbox 255 2886 1992 2970; baseline -0.002 -16"><span class='ocrx_word' id='word_1_162' title='bbox 255 2890 523 2954; x_wconf 78' lang='lat' dir='ltr'>Gallicas</span> <span class='ocrx_word' id='word_1_163' title='bbox 596 2888 806 2970; x_wconf 89' lang='lat' dir='ltr'>copias</span> <span class='ocrx_word' id='word_1_164' title='bbox 863 2886 931 2948; x_wconf 95' lang='lat' dir='ltr'>in</span> <span class='ocrx_word' id='word_1_165' title='bbox 992 2887 1302 2949; x_wconf 83' lang='lat' dir='ltr'>Crimeam</span> <span class='ocrx_word' id='word_1_166' title='bbox 1373 2889 1616 2950; x_wconf 90' lang='lat' dir='ltr'>misisse</span> <span class='ocrx_word' id='word_1_167' title='bbox 1687 2890 1992 2951; x_wconf 80' lang='lat' dir='ltr'>novimus,</span> 
     </span>
     <span class='ocr_line' id='line_1_28' title="bbox 250 2993 1996 3074; baseline -0.002 -17"><span class='ocrx_word' id='word_1_168' title='bbox 250 2997 532 3057; x_wconf 86' lang='lat' dir='ltr'>Alteram</span> <span class='ocrx_word' id='word_1_169' title='bbox 603 2993 894 3054; x_wconf 83' lang='lat' dir='ltr'>Minister</span> <span class='ocrx_word' id='word_1_170' title='bbox 965 2993 1075 3054; x_wconf 73' lang='lat' dir='ltr'>ille‘</span> <span class='ocrx_word' id='word_1_171' title='bbox 1153 2994 1318 3073; x_wconf 84' lang='lat' dir='ltr'>regit</span> <span class='ocrx_word' id='word_1_172' title='bbox 1401 2994 1507 3073; x_wconf 91' lang='lat' dir='ltr'>qui</span> <span class='ocrx_word' id='word_1_173' title='bbox 1578 2994 1822 3054; x_wconf 83' lang='lat' dir='ltr'>Russiae</span> <span class='ocrx_word' id='word_1_174' title='bbox 1881 3015 1996 3074; x_wconf 90' lang='lat' dir='ltr'>ope</span> 
     </span>
     <span class='ocr_line' id='line_1_29' title="bbox 254 3096 1996 3177; baseline -0.003 -15"><span class='ocrx_word' id='word_1_175' title='bbox 254 3099 691 3162; x_wconf 87' lang='lat' dir='ltr'>auctoritatem</span> <span class='ocrx_word' id='word_1_176' title='bbox 763 3097 1054 3170; x_wconf 90' lang='lat' dir='ltr'>obtinuit,</span> <span class='ocrx_word' id='word_1_177' title='bbox 1120 3097 1348 3177; x_wconf 91' lang='lat' dir='ltr'>quique</span> <span class='ocrx_word' id='word_1_178' title='bbox 1410 3117 1475 3157; x_wconf 93' lang='lat' dir='ltr'>se</span> <span class='ocrx_word' id='word_1_179' title='bbox 1541 3096 1832 3157; x_wconf 89' lang='lat' dir='ltr'>Pontifici</span> <span class='ocrx_word' id='word_1_180' title='bbox 1891 3097 1996 3157; x_wconf 91' lang='lat' dir='ltr'>ob-</span> 
     </span>
     <span class='ocr_line' id='line_1_30' title="bbox 253 3200 1999 3283; baseline -0.002 -18"><span class='ocrx_word' id='word_1_181' title='bbox 253 3205 553 3266; x_wconf 89' lang='lat' dir='ltr'>stiturum</span> <span class='ocrx_word' id='word_1_182' title='bbox 604 3202 809 3283; x_wconf 90' lang='lat' dir='ltr'>palam</span> <span class='ocrx_word' id='word_1_183' title='bbox 867 3208 964 3262; x_wconf 92' lang='lat' dir='ltr'>est</span> <span class='ocrx_word' id='word_1_184' title='bbox 1023 3202 1367 3282; x_wconf 90' lang='lat' dir='ltr'>professus.</span> <span class='ocrx_word' id='word_1_185' title='bbox 1460 3201 1554 3260; x_wconf 94' lang='lat' dir='ltr'>De</span> <span class='ocrx_word' id='word_1_186' title='bbox 1619 3200 1688 3260; x_wconf 72' lang='lat' dir='ltr'>ea</span> <span class='ocrx_word' id='word_1_187' title='bbox 1745 3202 1999 3262; x_wconf 87' lang='lat' dir='ltr'>tandem</span> 
     </span>
     <span class='ocr_line' id='line_1_31' title="bbox 255 3303 1999 3386; baseline -0.003 -17"><span class='ocrx_word' id='word_1_188' title='bbox 255 3306 478 3379; x_wconf 79' lang='lat' dir='ltr'>Gente,</span> <span class='ocrx_word' id='word_1_189' title='bbox 538 3326 675 3386; x_wconf 84' lang='lat' dir='ltr'>quae</span> <span class='ocrx_word' id='word_1_190' title='bbox 731 3305 919 3366; x_wconf 76' lang='lat' dir='ltr'>tertio</span> <span class='ocrx_word' id='word_1_191' title='bbox 978 3306 1356 3375; x_wconf 91' lang='lat' dir='ltr'>nominatur,</span> <span class='ocrx_word' id='word_1_192' title='bbox 1415 3303 1536 3364; x_wconf 88' lang='lat' dir='ltr'>hoc</span> <span class='ocrx_word' id='word_1_193' title='bbox 1599 3303 1821 3365; x_wconf 90' lang='lat' dir='ltr'>saltem</span> <span class='ocrx_word' id='word_1_194' title='bbox 1879 3306 1999 3366; x_wconf 83' lang='lat' dir='ltr'>dici</span> 
     </span>
     <span class='ocr_line' id='line_1_32' title="bbox 255 3407 2002 3496; baseline -0.002 -23"><span class='ocrx_word' id='word_1_195' title='bbox 255 3417 488 3494; x_wconf 88' lang='lat' dir='ltr'>potest,</span> <span class='ocrx_word' id='word_1_196' title='bbox 520 3410 722 3491; x_wconf 88' lang='lat' dir='ltr'>ipsam</span> <span class='ocrx_word' id='word_1_197' title='bbox 748 3409 1052 3490; x_wconf 90' lang='lat' dir='ltr'>imparem</span> <span class='ocrx_word' id='word_1_198' title='bbox 1083 3429 1219 3469; x_wconf 88' lang='lat' dir='ltr'>esse</span> <span class='ocrx_word' id='word_1_199' title='bbox 1250 3429 1385 3487; x_wconf 85' lang='lat' dir='ltr'>quae</span> <span class='ocrx_word' id='word_1_200' title='bbox 1417 3407 1566 3487; x_wconf 87' lang='lat' dir='ltr'>quid</span> <span class='ocrx_word' id='word_1_201' title='bbox 1593 3429 1704 3488; x_wconf 90' lang='lat' dir='ltr'>per</span> <span class='ocrx_word' id='word_1_202' title='bbox 1735 3409 2002 3496; x_wconf 83' lang='lat' dir='ltr'>seipsam</span> 
     </span>
    </p>
   </div>
  </div>
 </body>
</html>
