2236 3814
1093 221 1212 279 105

277 387 557 460 nuntiis3
605 387 705 448 vel
741 387 998 447 tandem
1036 387 1511 467 proditionibus,
1600 387 1877 448 Nuntius
1910 387 2028 447 Pa-

282 492 459 573 palis,
510 513 722 552 rerum
771 492 886 552 rite
931 491 1160 552 certior
1210 491 1433 564 factus,
1481 491 1672 552 immo
1718 491 2026 552 Praelatus

287 596 564 678 quilibet,
595 598 696 659 vel
742 595 1047 659 Sacerdos
1093 596 1374 677 simplex,
1408 596 1507 657 vel
1550 595 1796 668 Laicus,
1844 596 2029 656 modo

284 703 565 763 auditum
613 703 894 763 obtinere
949 701 1171 782 quiret,
1217 701 1375 762 falsa
1421 701 1735 762 eliminare
1793 708 2029 782 posset,

285 807 639 888 proditores
660 807 995 868 denudare.
1059 806 1300 867 Praeter
1319 805 1646 866 hominum
1667 805 1837 877 vitia,
1863 806 2032 866 nulla

286 910 534 972 Russiae
601 912 961 992 suppeditat
1017 911 1179 972 ratio
1228 912 1308 971 ad
1359 931 1666 991 quamque
1716 910 2032 991 Rempub-

284 1015 469 1076 licam
513 1015 934 1076 evertendam.
1023 1014 1223 1075 Nobis
1272 1014 1498 1075 auxilio
1532 1020 1681 1075 sunt
1709 1014 2034 1075 hominum

285 1117 589 1190 virtutes3
672 1118 824 1177 dum
894 1117 1229 1198 unicuique
1287 1117 1447 1198 Regi
1519 1118 1901 1178 consulimus
1973 1124 2038 1179 et

285 1223 538 1303 populo,
586 1243 923 1303 eorumque
988 1228 1052 1282 et
1113 1221 1387 1283 omnium
1454 1221 1679 1283 honori
1738 1221 1924 1283 simul
1974 1228 2039 1283 et

288 1325 569 1386 utilitati.

374 1431 515 1491 Rite
546 1430 927 1492 considerari
967 1431 1171 1503 debet,
1205 1437 1269 1491 et
1311 1429 1487 1511 plene
1525 1429 1812 1511 intelligi,
1847 1451 2039 1510 quan-

287 1536 424 1596 tum
455 1536 831 1596 abhorreant
857 1535 1175 1598 Gubernia
1197 1535 1465 1616 Europae
1491 1557 1528 1595 a
1556 1536 1898 1597 formandis
1924 1534 2042 1596 sibi

287 1640 642 1701 hominibus
673 1641 1074 1701 Publicarum
1092 1640 1579 1722 Disciplinarum
1609 1640 1866 1722 peritis3
1914 1662 2043 1701 non

279 1728 468 1806 ¹aliter
496 1753 893 1826 perspectum
923 1746 1042 1806 erit
1089 1767 1211 1826 quo
1240 1747 1427 1807 modo
1456 1746 1590 1806 haec
1620 1745 1879 1806 consilia
1908 1745 2042 1805 uni-

289 1870 541 1931 versum
573 1849 806 1911 Orbem
838 1851 964 1912 sint
995 1851 1311 1912 affectura.

375 1955 456 2015 In
484 1954 714 2035 Angli-2³,
743 1956 1008 2035 quidem,
1041 1955 1109 2015 in
1129 1955 1344 2029 Gallia,
1374 1954 1705 2031 Germania
1722 1956 1820 2017 vel
1840 1953 2042 2028 Italia,

283 2062 476 2120 ‘nemo
526 2060 593 2119 in
636 2059 909 2120 Publicis
939 2061 1151 2121 Rebus
1195 2067 1502 2133 versatus,
1553 2059 1606 2121 si
1650 2060 1816 2121 inter
1860 2061 2045 2121 collo-

293 2165 610 2245 quendum
665 2171 986 2245 urgeatur,
1042 2172 1372 2246 sequentes
1422 2165 1881 2247 propositiones
1940 2166 2045 2226 ad-

291 2269 542 2330 mittere
571 2269 889 2332 recusabit
913 2293 1015 2330 :——-
1484 2353 1492 2359 ‘

383 2376 438 2434 1.
487 2376 730 2436 Russos
763 2358 987 2437 ceteris
1019 2376 1314 2456 gentibus
1344 2376 1688 2437 calliditate
1717 2383 2040 2457 praestare.

378 2482 438 2541 2.
485 2481 787 2543 Nonnihil
816 2481 1077 2562 periculi
1104 2481 1311 2542 inesse
1343 2481 1395 2543 si
1423 2481 1531 2554 illi,
1559 2483 1820 2542 custode
1849 2482 2043 2553 nu110,

285 2598 482 2666 'agere
567 2586 1036 2665 permittantur,
1116 2585 1259 2646 cum
1346 2585 1624 2647 omnium
1705 2584 2047 2647 Civitatum

294 2690 549 2771 negotia
607 2691 688 2750 ad
742 2691 1009 2752 invicem
1068 2691 1406 2752 commixta
1465 2692 1608 2767 sint,
1656 2698 1722 2753 et
1779 2698 2049 2773 agantur

297 2788 555 2856 secreto.

383 2903 441 2961 3.
489 2900 636 2962 Non
686 2900 839 2961 alios
885 2901 1142 2962 idoneos
1196 2921 1332 2963 esse
1385 2902 1681 2963 custodes
1723 2923 1909 2983 quam
1939 2902 2048 2982 qui

298 3005 581 3085 ipsorum
613 3006 871 3066 consilia
899 3006 1164 3066 calleant
1193 3013 1257 3066 et
1284 3007 1637 3068 methodos.

381 3114 442 3170 4.
488 3110 869 3192 Magnopere
890 3111 1364 3172 desiderandam
1389 3111 1701 3191 quandam
1723 3110 2048 3171 hominum

302 3213 696 3288 Societatem,
731 3215 838 3295 qui
867 3238 939 3277 eo
980 3217 1167 3277 modo
1214 3215 1438 3276 delecti
1482 3215 1609 3276 sint
1644 3221 1708 3276 et
1745 3215 2043 3288 instituti,

302 3339 423 3398 quo
453 3318 651 3379 Russi
695 3339 842 3381 suos
871 3319 1146 3402 Legatos
1191 3319 1461 3400 deligere
1493 3327 1954 3382 consueverunt
1983 3327 2048 3383 et

299 3422 648 3484 instituere.

1059 3549 1094 3590 Ο
