2236 3814
1142 214 1258 271 102

333 384 372 410 “
395 377 669 438 Mundus
699 377 764 436 in
792 377 1062 438 tenebris
1104 378 1450 438 deerravit:
1501 377 1814 460 Syllabum
1866 379 2061 451 emisi,

332 481 437 560 qui
475 482 685 542 lumen
736 488 900 542 esset
961 488 1024 541 et
1072 483 1372 541 mundum
1422 483 1487 542 in
1531 483 1696 542 viam
1741 484 2067 543 reduceret

327 585 668 646 Veritatis.''
758 586 844 645 Et
871 584 1095 644 iterum
1118 607 1131 645 :
1178 592 1216 617 “
1242 584 1742 665 Quotiescunque
1771 586 2063 646 Pontifex

331 689 688 748 solemniter
715 688 1010 767 loquitur,
1041 688 1233 748 verba
1263 708 1374 747 sua
1401 688 1467 746 in
1497 689 1678 748 obvio
1711 708 1897 748 sensu
1925 689 2059 748 vult

330 794 523 853 sumi:
559 800 621 852 et
649 793 715 851 id
745 793 908 871 quod
939 791 1094 850 dixit
1125 792 1324 852 dicere
1353 790 1609 851 Voluit.''

412 895 599 955 Modo
631 895 814 955 Orbis
847 893 1198 954 Catholicus
1218 895 1382 954 idem
1413 915 1554 953 cum
1583 894 1887 954 Pontifice
1919 915 2055 954 sen-

328 996 495 1067 tiret,
529 1016 683 1075 opus
705 997 834 1076 jam
863 1003 1183 1076 peractum
1221 1003 1404 1069 esset,
1439 1018 1548 1057 seu
1582 996 1789 1077 potius
1820 998 2060 1056 nullum

330 1106 495 1159 esset
535 1120 688 1179 opus
734 1101 1062 1178 agendum.
1151 1100 1240 1159 At
1285 1101 1618 1160 dolendum
1663 1107 1757 1160 est
1800 1122 1927 1160 non
1969 1100 2062 1160 ita

326 1224 458 1261 rem
519 1223 582 1262 se
639 1203 902 1261 habere:
981 1223 1056 1261 ex
1108 1203 1254 1262 ovili
1307 1203 1592 1262 oriuntur
1644 1203 2056 1285 difficultates,

329 1308 476 1365 dum
518 1313 829 1385 nequeant
874 1306 1155 1366 homines
1193 1307 1293 1366 vel
1338 1313 1612 1366 mentem
1664 1306 1928 1385 assequi,
1959 1308 2062 1367 vel

327 1431 622 1488 magnum
694 1410 967 1468 animum
1039 1409 1227 1468 toties
1298 1409 1679 1469 illustratum
1767 1409 2059 1469 admirari

328 1514 669 1573 PONTIFIOIS
722 1514 845 1592 qui,
900 1514 1176 1572 omnium
1221 1520 1528 1592 quotquot
1571 1514 1771 1574 PETRO
1818 1534 2058 1574 succes-

327 1624 560 1690 serunt,
594 1618 883 1677 MAleus
913 1618 1131 1676 merito
1162 1618 1593 1697 appellaretur.

1128 1861 1244 1922 VI.

754 1996 1095 2076 Collegium
1132 1995 1636 2076 Diplomaticum.

407 2132 708 2212 Magnum
742 2132 954 2193 revera
995 2132 1337 2211 negotium,
1381 2139 1444 2193 et
1488 2139 1837 2193 ceterorum
1882 2133 2061 2213 quasi

325 2239 509 2296 cardo
560 2236 661 2294 ille
709 2242 822 2307 est,
877 2242 948 2294 ut
1000 2235 1146 2314 quid
1195 2235 1261 2293 in
1302 2235 1467 2296 Orbe
1519 2242 1742 2315 agatur
1776 2236 2062 2298 homines

326 2345 727 2419 cognoscant.

410 2463 564 2521 Tam
593 2462 717 2520 late
760 2467 970 2519 tamen
999 2467 1175 2540 patet
1209 2460 1339 2520 haec
1370 2461 1646 2532 materia,
1679 2468 1751 2520 ut
1782 2462 1861 2521 ad
1889 2461 2055 2521 illam
2137 2492 2141 2495 ⁴

325 2567 506 2646 digne
528 2565 918 2624 tractandam
936 2564 1166 2643 integri
1183 2564 1287 2624 vix
1307 2564 1660 2625 sufficerent
1676 2565 1835 2624 libri.
1884 2565 2066 2625 Bona

325 2676 533 2730 autem
570 2667 838 2738 fortuna,
872 2673 969 2726 est
1015 2667 1198 2727 simul
1242 2669 1392 2727 adeo
1439 2669 1718 2748 simplex,
1751 2676 1823 2728 ut
1852 2675 2060 2729 totum

324 2793 448 2831 uno
499 2771 626 2830 ictu
688 2770 960 2849 conspici
1017 2770 1235 2849 possit.
1344 2771 1405 2829 A
1464 2772 1732 2850 quodam
1789 2772 2061 2832 Praelato

326 2874 761 2935 Ecclesiastico
813 2872 927 2932 hac
969 2873 1209 2933 ratione
1268 2881 1365 2934 est
1423 2895 1787 2954 expressum
1810 2881 1955 2934 :—“
1980 2875 2056 2934 Id

323 2977 520 3058 primo
580 2975 855 3036 omnium
926 2976 1328 3036 statuendum
1384 2977 1651 3048 videtur,
1712 2977 2059 3038 Ecclesiam

324 3101 460 3141 esse
500 3081 731 3139 Rerum
778 3079 1077 3158 ignaram,
1111 3085 1174 3139 et
1219 3079 1379 3140 hanc
1423 3099 1598 3139 suam
1639 3080 2059 3160 ignorantiam

324 3184 644 3244 amandari
687 3181 974 3244 debere.''
1659 3175 1662 3178 Δ

407 3286 682 3361 Quaestio
728 3287 1014 3367 quaedam
1062 3285 1275 3366 magni
1330 3287 1652 3358 momenti,
1705 3306 1820 3347 nec
1869 3287 2059 3348 ullius

321 3389 567 3470 patiens
603 3410 813 3462 morae,
847 3387 1141 3450 continuo
1173 3389 1468 3451 solvenda
1497 3396 1823 3452 occurret:
1869 3389 2058 3472 porro
