<?xml version="1.0" encoding="UTF-8"?>
<!DOCTYPE html PUBLIC "-//W3C//DTD XHTML 1.0 Transitional//EN"
    "http://www.w3.org/TR/xhtml1/DTD/xhtml1-transitional.dtd">
<html xmlns="http://www.w3.org/1999/xhtml" xml:lang="en" lang="en">
 <head>
  <title>
</title>
<meta http-equiv="Content-Type" content="text/html;charset=utf-8" />
  <meta name='ocr-system' content='tesseract 3.04.00' />
  <meta name='ocr-capabilities' content='ocr_page ocr_carea ocr_par ocr_line ocrx_word'/>
</head>
<body>
  <div class='ocr_page' id='page_1' title='image "a611530900urquuoft_0051.png"; bbox 0 0 2236 3814; ppageno 0'>
   <div class='ocr_carea' id='block_1_1' title="bbox 1055 267 1135 324">
    <p class='ocr_par' dir='ltr' id='par_1_1' title="bbox 1055 267 1135 324">
     <span class='ocr_line' id='line_1_1' title="bbox 1055 267 1135 324; baseline 0.013 -1"><span class='ocrx_word' id='word_1_1' title='bbox 1055 267 1135 324; x_wconf 74' lang='lat'>47</span> 
     </span>
    </p>
   </div>
   <div class='ocr_carea' id='block_1_2' title="bbox 236 428 1992 3515">
    <p class='ocr_par' dir='ltr' id='par_1_2' title="bbox 236 428 1992 3515">
     <span class='ocr_line' id='line_1_2' title="bbox 238 428 1979 511; baseline 0.004 -25"><span class='ocrx_word' id='word_1_2' title='bbox 238 446 447 487; x_wconf 91' lang='lat' dir='ltr'>rerum</span> <span class='ocrx_word' id='word_1_3' title='bbox 498 429 768 501; x_wconf 76' lang='lat' dir='ltr'>ordineS,</span> <span class='ocrx_word' id='word_1_4' title='bbox 817 428 987 487; x_wconf 88' lang='lat' dir='ltr'>haud</span> <span class='ocrx_word' id='word_1_5' title='bbox 1035 429 1124 487; x_wconf 90' lang='lat' dir='ltr'>illi</span> <span class='ocrx_word' id='word_1_6' title='bbox 1175 429 1535 490; x_wconf 80' lang='lat' dir='ltr'>dissimilem</span> <span class='ocrx_word' id='word_1_7' title='bbox 1592 453 1775 511; x_wconf 92' lang='lat' dir='ltr'>quem</span> <span class='ocrx_word' id='word_1_8' title='bbox 1833 434 1979 493; x_wconf 90' lang='lat' dir='ltr'>olim</span> 
     </span>
     <span class='ocr_line' id='line_1_3' title="bbox 243 529 1980 604; baseline 0.003 -13"><span class='ocrx_word' id='word_1_9' title='bbox 243 529 582 604; x_wconf 85' lang='lat' dir='ltr'>Cornelius,</span> <span class='ocrx_word' id='word_1_10' title='bbox 641 533 816 593; x_wconf 92' lang='lat' dir='ltr'>brevi</span> <span class='ocrx_word' id='word_1_11' title='bbox 887 553 1170 593; x_wconf 82' lang='lat' dir='ltr'>sermone</span> <span class='ocrx_word' id='word_1_12' title='bbox 1241 533 1565 593; x_wconf 71' lang='lat' dir='ltr'>historiam</span> <span class='ocrx_word' id='word_1_13' title='bbox 1637 535 1980 596; x_wconf 85' lang='lat' dir='ltr'>Romanam</span> 
     </span>
     <span class='ocr_line' id='line_1_4' title="bbox 241 636 1980 716; baseline 0.002 -21"><span class='ocrx_word' id='word_1_14' title='bbox 241 636 680 715; x_wconf 81' lang='lat' dir='ltr'>complectenS,</span> <span class='ocrx_word' id='word_1_15' title='bbox 719 637 912 715; x_wconf 72' lang='lat' dir='ltr'>finem</span> <span class='ocrx_word' id='word_1_16' title='bbox 970 637 1123 714; x_wconf 67' lang='lat' dir='ltr'>aequi</span> <span class='ocrx_word' id='word_1_17' title='bbox 1166 636 1333 715; x_wconf 74' lang='lat' dir='ltr'>juris</span> <span class='ocrx_word' id='word_1_18' title='bbox 1392 637 1747 716; x_wconf 90' lang='lat' dir='ltr'>appellavit.</span> <span class='ocrx_word' id='word_1_19' title='bbox 1857 638 1980 700; x_wconf 90' lang='lat' dir='ltr'>Hic</span> 
     </span>
     <span class='ocr_line' id='line_1_5' title="bbox 241 738 1979 819; baseline 0.002 -22"><span class='ocrx_word' id='word_1_20' title='bbox 241 739 471 798; x_wconf 89' lang='lat' dir='ltr'>etenim</span> <span class='ocrx_word' id='word_1_21' title='bbox 501 751 596 798; x_wconf 91' lang='lat' dir='ltr'>est</span> <span class='ocrx_word' id='word_1_22' title='bbox 626 739 835 799; x_wconf 90' lang='lat' dir='ltr'>videre</span> <span class='ocrx_word' id='word_1_23' title='bbox 867 738 986 818; x_wconf 73' lang='lat' dir='ltr'>qua</span> <span class='ocrx_word' id='word_1_24' title='bbox 1013 739 1255 799; x_wconf 87' lang='lat' dir='ltr'>ratione</span> <span class='ocrx_word' id='word_1_25' title='bbox 1284 739 1673 819; x_wconf 84' lang='lat' dir='ltr'>Respublicae</span> <span class='ocrx_word' id='word_1_26' title='bbox 1703 740 1979 801; x_wconf 82' lang='lat' dir='ltr'>Minores</span> 
     </span>
     <span class='ocr_line' id='line_1_6' title="bbox 240 842 1983 924; baseline 0.001 -23"><span class='ocrx_word' id='word_1_27' title='bbox 240 842 410 903; x_wconf 90' lang='lat' dir='ltr'>hisce</span> <span class='ocrx_word' id='word_1_28' title='bbox 432 843 666 903; x_wconf 89' lang='lat' dir='ltr'>ultimis</span> <span class='ocrx_word' id='word_1_29' title='bbox 688 843 1073 924; x_wconf 73' lang='lat' dir='ltr'>temporibus</span> <span class='ocrx_word' id='word_1_30' title='bbox 1103 844 1334 904; x_wconf 85' lang='lat' dir='ltr'>fuerint</span> <span class='ocrx_word' id='word_1_31' title='bbox 1358 845 1690 924; x_wconf 86' lang='lat' dir='ltr'>absorptae,</span> <span class='ocrx_word' id='word_1_32' title='bbox 1717 851 1780 905; x_wconf 88' lang='lat' dir='ltr'>et</span> <span class='ocrx_word' id='word_1_33' title='bbox 1800 845 1983 904; x_wconf 92' lang='lat' dir='ltr'>simul</span> 
     </span>
     <span class='ocr_line' id='line_1_7' title="bbox 245 946 1980 1028; baseline 0.001 -22"><span class='ocrx_word' id='word_1_34' title='bbox 245 968 356 1006; x_wconf 92' lang='lat' dir='ltr'>cur</span> <span class='ocrx_word' id='word_1_35' title='bbox 384 946 456 1006; x_wconf 76' lang='lat' dir='ltr'>eo</span> <span class='ocrx_word' id='word_1_36' title='bbox 484 968 681 1027; x_wconf 91' lang='lat' dir='ltr'>usque</span> <span class='ocrx_word' id='word_1_37' title='bbox 712 948 1072 1008; x_wconf 71' lang='lat' dir='ltr'>duraverint,</span> <span class='ocrx_word' id='word_1_38' title='bbox 1103 948 1250 1028; x_wconf 91' lang='lat' dir='ltr'>quin</span> <span class='ocrx_word' id='word_1_39' title='bbox 1279 947 1449 1028; x_wconf 74' lang='lat' dir='ltr'>prius</span> <span class='ocrx_word' id='word_1_40' title='bbox 1482 949 1980 1008; x_wconf 72' lang='lat' dir='ltr'>absorberentur.</span> 
     </span>
     <span class='ocr_line' id='line_1_8' title="bbox 246 1046 1982 1130; baseline 0.003 -24"><span class='ocrx_word' id='word_1_41' title='bbox 246 1046 503 1121; x_wconf 80' lang='lat' dir='ltr'>Quoties</span> <span class='ocrx_word' id='word_1_42' title='bbox 549 1050 788 1110; x_wconf 89' lang='lat' dir='ltr'>facinus</span> <span class='ocrx_word' id='word_1_43' title='bbox 833 1051 1100 1130; x_wconf 83' lang='lat' dir='ltr'>aliquod,</span> <span class='ocrx_word' id='word_1_44' title='bbox 1134 1052 1420 1111; x_wconf 91' lang='lat' dir='ltr'>omnibus</span> <span class='ocrx_word' id='word_1_45' title='bbox 1464 1052 1816 1113; x_wconf 91' lang='lat' dir='ltr'>hominibus</span> <span class='ocrx_word' id='word_1_46' title='bbox 1853 1053 1982 1113; x_wconf 91' lang='lat' dir='ltr'>odi-</span> 
     </span>
     <span class='ocr_line' id='line_1_9' title="bbox 243 1152 1983 1235; baseline 0.005 -25"><span class='ocrx_word' id='word_1_47' title='bbox 243 1152 384 1223; x_wconf 87' lang='lat' dir='ltr'>bile,</span> <span class='ocrx_word' id='word_1_48' title='bbox 415 1153 790 1234; x_wconf 90' lang='lat' dir='ltr'>impunitum</span> <span class='ocrx_word' id='word_1_49' title='bbox 820 1156 1083 1215; x_wconf 90' lang='lat' dir='ltr'>evadere</span> <span class='ocrx_word' id='word_1_50' title='bbox 1112 1156 1516 1235; x_wconf 85' lang='lat' dir='ltr'>permittitur,</span> <span class='ocrx_word' id='word_1_51' title='bbox 1549 1164 1701 1216; x_wconf 90' lang='lat' dir='ltr'>tunc</span> <span class='ocrx_word' id='word_1_52' title='bbox 1748 1157 1983 1217; x_wconf 86' lang='lat' dir='ltr'>scilicet</span> 
     </span>
     <span class='ocr_line' id='line_1_10' title="bbox 245 1257 1985 1339; baseline 0.002 -23"><span class='ocrx_word' id='word_1_53' title='bbox 245 1257 318 1316; x_wconf 91' lang='lat' dir='ltr'>fit</span> <span class='ocrx_word' id='word_1_54' title='bbox 347 1257 658 1338; x_wconf 85' lang='lat' dir='ltr'>frequens,</span> <span class='ocrx_word' id='word_1_55' title='bbox 700 1266 766 1320; x_wconf 91' lang='lat' dir='ltr'>et</span> <span class='ocrx_word' id='word_1_56' title='bbox 818 1260 966 1319; x_wconf 92' lang='lat' dir='ltr'>dum</span> <span class='ocrx_word' id='word_1_57' title='bbox 1010 1260 1462 1339; x_wconf 85' lang='lat' dir='ltr'>frequentetur,</span> <span class='ocrx_word' id='word_1_58' title='bbox 1509 1282 1739 1322; x_wconf 91' lang='lat' dir='ltr'>novum</span> <span class='ocrx_word' id='word_1_59' title='bbox 1782 1261 1985 1320; x_wconf 87' lang='lat' dir='ltr'>induit</span> 
     </span>
     <span class='ocr_line' id='line_1_11' title="bbox 247 1359 1983 1425; baseline 0.002 -6"><span class='ocrx_word' id='word_1_60' title='bbox 247 1359 688 1422; x_wconf 84' lang='lat' dir='ltr'>characterem.</span> <span class='ocrx_word' id='word_1_61' title='bbox 767 1363 870 1423; x_wconf 91' lang='lat' dir='ltr'>Ita</span> <span class='ocrx_word' id='word_1_62' title='bbox 887 1384 956 1423; x_wconf 91' lang='lat' dir='ltr'>re</span> <span class='ocrx_word' id='word_1_63' title='bbox 985 1363 1221 1423; x_wconf 89' lang='lat' dir='ltr'>factum</span> <span class='ocrx_word' id='word_1_64' title='bbox 1251 1364 1550 1424; x_wconf 67' lang='lat' dir='ltr'>videmus</span> <span class='ocrx_word' id='word_1_65' title='bbox 1630 1364 1787 1425; x_wconf 84' lang='lat' dir='ltr'>Cum</span> <span class='ocrx_word' id='word_1_66' title='bbox 1818 1365 1983 1425; x_wconf 87' lang='lat' dir='ltr'>enim</span> 
     </span>
     <span class='ocr_line' id='line_1_12' title="bbox 247 1465 1982 1547; baseline 0.002 -24"><span class='ocrx_word' id='word_1_67' title='bbox 247 1465 627 1543; x_wconf 88' lang='lat' dir='ltr'>praedatores</span> <span class='ocrx_word' id='word_1_68' title='bbox 647 1487 684 1525; x_wconf 92' lang='lat' dir='ltr'>a</span> <span class='ocrx_word' id='word_1_69' title='bbox 702 1466 1063 1526; x_wconf 90' lang='lat' dir='ltr'>constitutis</span> <span class='ocrx_word' id='word_1_70' title='bbox 1094 1466 1370 1547; x_wconf 87' lang='lat' dir='ltr'>imperiis</span> <span class='ocrx_word' id='word_1_71' title='bbox 1391 1468 1575 1547; x_wconf 80' lang='lat' dir='ltr'>vulgo</span> <span class='ocrx_word' id='word_1_72' title='bbox 1599 1469 1677 1527; x_wconf 85' lang='lat' dir='ltr'>ad</span> <span class='ocrx_word' id='word_1_73' title='bbox 1699 1469 1982 1547; x_wconf 84' lang='lat' dir='ltr'>praedan-</span> 
     </span>
     <span class='ocr_line' id='line_1_13' title="bbox 246 1569 1982 1652; baseline 0.003 -26"><span class='ocrx_word' id='word_1_74' title='bbox 246 1569 396 1627; x_wconf 91' lang='lat' dir='ltr'>dum</span> <span class='ocrx_word' id='word_1_75' title='bbox 425 1569 777 1641; x_wconf 87' lang='lat' dir='ltr'>mittantur,</span> <span class='ocrx_word' id='word_1_76' title='bbox 813 1570 1092 1649; x_wconf 88' lang='lat' dir='ltr'>sequitur</span> <span class='ocrx_word' id='word_1_77' title='bbox 1122 1577 1194 1629; x_wconf 90' lang='lat' dir='ltr'>ut</span> <span class='ocrx_word' id='word_1_78' title='bbox 1234 1592 1271 1630; x_wconf 94' lang='lat' dir='ltr'>a</span> <span class='ocrx_word' id='word_1_79' title='bbox 1310 1571 1660 1651; x_wconf 89' lang='lat' dir='ltr'>semetipsis</span> <span class='ocrx_word' id='word_1_80' title='bbox 1693 1571 1982 1652; x_wconf 81' lang='lat' dir='ltr'>deinceps</span> 
     </span>
     <span class='ocr_line' id='line_1_14' title="bbox 245 1670 1985 1751; baseline 0.003 -22"><span class='ocrx_word' id='word_1_81' title='bbox 245 1670 498 1751; x_wconf 90' lang='lat' dir='ltr'>proprio</span> <span class='ocrx_word' id='word_1_82' title='bbox 530 1672 924 1732; x_wconf 91' lang='lat' dir='ltr'>stabiliantur</span> <span class='ocrx_word' id='word_1_83' title='bbox 952 1672 1223 1745; x_wconf 90' lang='lat' dir='ltr'>nomine,</span> <span class='ocrx_word' id='word_1_84' title='bbox 1246 1680 1309 1733; x_wconf 91' lang='lat' dir='ltr'>et</span> <span class='ocrx_word' id='word_1_85' title='bbox 1339 1675 1418 1733; x_wconf 93' lang='lat' dir='ltr'>ad</span> <span class='ocrx_word' id='word_1_86' title='bbox 1441 1694 1628 1734; x_wconf 90' lang='lat' dir='ltr'>unam</span> <span class='ocrx_word' id='word_1_87' title='bbox 1648 1675 1985 1735; x_wconf 81' lang='lat' dir='ltr'>alteramve</span> 
     </span>
     <span class='ocr_line' id='line_1_15' title="bbox 245 1776 1986 1855; baseline 0.002 -22"><span class='ocrx_word' id='word_1_88' title='bbox 245 1781 500 1855; x_wconf 87' lang='lat' dir='ltr'>gentem</span> <span class='ocrx_word' id='word_1_89' title='bbox 557 1776 1037 1855; x_wconf 83' lang='lat' dir='ltr'>aggrediendam</span> <span class='ocrx_word' id='word_1_90' title='bbox 1100 1777 1488 1837; x_wconf 90' lang='lat' dir='ltr'>conveniant.</span> <span class='ocrx_word' id='word_1_91' title='bbox 1599 1779 1792 1838; x_wconf 80' lang='lat' dir='ltr'>Porro</span> <span class='ocrx_word' id='word_1_92' title='bbox 1843 1799 1986 1838; x_wconf 91' lang='lat' dir='ltr'>cum</span> 
     </span>
     <span class='ocr_line' id='line_1_16' title="bbox 245 1879 1985 1961; baseline 0.003 -23"><span class='ocrx_word' id='word_1_93' title='bbox 245 1879 482 1960; x_wconf 90' lang='lat' dir='ltr'>priores</span> <span class='ocrx_word' id='word_1_94' title='bbox 513 1879 867 1959; x_wconf 89' lang='lat' dir='ltr'>hujusmodi</span> <span class='ocrx_word' id='word_1_95' title='bbox 896 1886 1156 1940; x_wconf 91' lang='lat' dir='ltr'>conatus</span> <span class='ocrx_word' id='word_1_96' title='bbox 1197 1881 1397 1961; x_wconf 91' lang='lat' dir='ltr'>poenis</span> <span class='ocrx_word' id='word_1_97' title='bbox 1427 1902 1554 1941; x_wconf 91' lang='lat' dir='ltr'>non</span> <span class='ocrx_word' id='word_1_98' title='bbox 1584 1881 1814 1942; x_wconf 89' lang='lat' dir='ltr'>fuerint</span> <span class='ocrx_word' id='word_1_99' title='bbox 1844 1883 1985 1942; x_wconf 92' lang='lat' dir='ltr'>sub-</span> 
     </span>
     <span class='ocr_line' id='line_1_17' title="bbox 236 1984 1986 2067; baseline 0.001 -23"><span class='ocrx_word' id='word_1_100' title='bbox 236 1984 410 2064; x_wconf 87' lang='lat' dir='ltr'>jecti,</span> <span class='ocrx_word' id='word_1_101' title='bbox 442 1984 821 2064; x_wconf 89' lang='lat' dir='ltr'>posteriores</span> <span class='ocrx_word' id='word_1_102' title='bbox 870 1985 1094 2044; x_wconf 90' lang='lat' dir='ltr'>deinde</span> <span class='ocrx_word' id='word_1_103' title='bbox 1146 1985 1332 2045; x_wconf 89' lang='lat' dir='ltr'>simili</span> <span class='ocrx_word' id='word_1_104' title='bbox 1382 1987 1748 2066; x_wconf 88' lang='lat' dir='ltr'>gaudebunt</span> <span class='ocrx_word' id='word_1_105' title='bbox 1786 1987 1986 2067; x_wconf 90' lang='lat' dir='ltr'>impu-</span> 
     </span>
     <span class='ocr_line' id='line_1_18' title="bbox 245 2087 1988 2170; baseline 0.002 -24"><span class='ocrx_word' id='word_1_106' title='bbox 245 2087 444 2147; x_wconf 89' lang='lat' dir='ltr'>nitate</span> <span class='ocrx_word' id='word_1_107' title='bbox 467 2109 484 2159; x_wconf 93' lang='lat'>;</span> <span class='ocrx_word' id='word_1_108' title='bbox 558 2088 723 2148; x_wconf 91' lang='lat' dir='ltr'>unde</span> <span class='ocrx_word' id='word_1_109' title='bbox 795 2088 866 2148; x_wconf 82' lang='lat' dir='ltr'>fit</span> <span class='ocrx_word' id='word_1_110' title='bbox 936 2095 1009 2148; x_wconf 91' lang='lat' dir='ltr'>ut</span> <span class='ocrx_word' id='word_1_111' title='bbox 1066 2090 1429 2168; x_wconf 86' lang='lat' dir='ltr'>praedonum</span> <span class='ocrx_word' id='word_1_112' title='bbox 1500 2090 1818 2151; x_wconf 90' lang='lat' dir='ltr'>molimina</span> <span class='ocrx_word' id='word_1_113' title='bbox 1875 2111 1988 2170; x_wconf 92' lang='lat' dir='ltr'>pro</span> 
     </span>
     <span class='ocr_line' id='line_1_19' title="bbox 246 2190 1986 2273; baseline 0.001 -24"><span class='ocrx_word' id='word_1_114' title='bbox 246 2190 479 2250; x_wconf 90' lang='lat' dir='ltr'>usitato</span> <span class='ocrx_word' id='word_1_115' title='bbox 529 2212 737 2250; x_wconf 91' lang='lat' dir='ltr'>rerum</span> <span class='ocrx_word' id='word_1_116' title='bbox 786 2198 956 2251; x_wconf 90' lang='lat' dir='ltr'>statu</span> <span class='ocrx_word' id='word_1_117' title='bbox 1006 2192 1353 2252; x_wconf 91' lang='lat' dir='ltr'>habeantur</span> <span class='ocrx_word' id='word_1_118' title='bbox 1377 2215 1392 2264; x_wconf 94' lang='lat'>;</span> <span class='ocrx_word' id='word_1_119' title='bbox 1440 2213 1513 2252; x_wconf 92' lang='lat' dir='ltr'>ac</span> <span class='ocrx_word' id='word_1_120' title='bbox 1565 2214 1673 2273; x_wconf 88' lang='lat' dir='ltr'>spe</span> <span class='ocrx_word' id='word_1_121' title='bbox 1724 2194 1986 2273; x_wconf 88' lang='lat' dir='ltr'>impuni-</span> 
     </span>
     <span class='ocr_line' id='line_1_20' title="bbox 245 2294 1986 2376; baseline 0.002 -23"><span class='ocrx_word' id='word_1_122' title='bbox 245 2294 398 2354; x_wconf 90' lang='lat' dir='ltr'>tatis</span> <span class='ocrx_word' id='word_1_123' title='bbox 420 2294 681 2366; x_wconf 91' lang='lat' dir='ltr'>inducti,</span> <span class='ocrx_word' id='word_1_124' title='bbox 708 2295 789 2354; x_wconf 92' lang='lat' dir='ltr'>ad</span> <span class='ocrx_word' id='word_1_125' title='bbox 817 2295 1085 2354; x_wconf 87' lang='lat' dir='ltr'>nefarios</span> <span class='ocrx_word' id='word_1_126' title='bbox 1110 2301 1371 2355; x_wconf 91' lang='lat' dir='ltr'>conatus</span> <span class='ocrx_word' id='word_1_127' title='bbox 1392 2303 1664 2376; x_wconf 90' lang='lat' dir='ltr'>aguntur</span> <span class='ocrx_word' id='word_1_128' title='bbox 1684 2297 1986 2367; x_wconf 92' lang='lat' dir='ltr'>homines,</span> 
     </span>
     <span class='ocr_line' id='line_1_21' title="bbox 244 2396 1988 2459; baseline 0.001 -3"><span class='ocrx_word' id='word_1_129' title='bbox 244 2403 380 2456; x_wconf 90' lang='lat' dir='ltr'>tum</span> <span class='ocrx_word' id='word_1_130' title='bbox 411 2397 708 2457; x_wconf 88' lang='lat' dir='ltr'>adversus</span> <span class='ocrx_word' id='word_1_131' title='bbox 741 2396 1067 2458; x_wconf 79' lang='lat' dir='ltr'><strong>SULTANUM</strong></span> <span class='ocrx_word' id='word_1_132' title='bbox 1110 2404 1246 2457; x_wconf 90' lang='lat' dir='ltr'>tum</span> <span class='ocrx_word' id='word_1_133' title='bbox 1286 2399 1587 2459; x_wconf 90' lang='lat' dir='ltr'>adversus</span> <span class='ocrx_word' id='word_1_134' title='bbox 1619 2400 1988 2459; x_wconf 75' lang='lat' dir='ltr'>PONrirloEM</span> 
     </span>
     <span class='ocr_line' id='line_1_22' title="bbox 244 2502 1988 2583; baseline 0.001 -22"><span class='ocrx_word' id='word_1_135' title='bbox 244 2502 555 2562; x_wconf 71' lang='lat' dir='ltr'>Mfflmm</span> <span class='ocrx_word' id='word_1_136' title='bbox 579 2524 596 2573; x_wconf 83' lang='lat'>3</span> <span class='ocrx_word' id='word_1_137' title='bbox 644 2502 810 2561; x_wconf 91' lang='lat' dir='ltr'>haud</span> <span class='ocrx_word' id='word_1_138' title='bbox 842 2504 1018 2562; x_wconf 73' lang='lat' dir='ltr'>secus</span> <span class='ocrx_word' id='word_1_139' title='bbox 1047 2523 1121 2562; x_wconf 92' lang='lat' dir='ltr'>ac</span> <span class='ocrx_word' id='word_1_140' title='bbox 1161 2503 1378 2562; x_wconf 90' lang='lat' dir='ltr'>eadem</span> <span class='ocrx_word' id='word_1_141' title='bbox 1410 2522 1548 2583; x_wconf 89' lang='lat' dir='ltr'>spes</span> <span class='ocrx_word' id='word_1_142' title='bbox 1581 2503 1750 2563; x_wconf 90' lang='lat' dir='ltr'>falsis</span> <span class='ocrx_word' id='word_1_143' title='bbox 1780 2524 1988 2563; x_wconf 89' lang='lat' dir='ltr'>mone-</span> 
     </span>
     <span class='ocr_line' id='line_1_23' title="bbox 246 2606 1989 2687; baseline 0 -21"><span class='ocrx_word' id='word_1_144' title='bbox 246 2607 421 2666; x_wconf 91' lang='lat' dir='ltr'>tariis</span> <span class='ocrx_word' id='word_1_145' title='bbox 453 2607 731 2666; x_wconf 91' lang='lat' dir='ltr'>animum</span> <span class='ocrx_word' id='word_1_146' title='bbox 760 2607 1036 2666; x_wconf 88' lang='lat' dir='ltr'>adderet.</span> <span class='ocrx_word' id='word_1_147' title='bbox 1126 2606 1348 2679; x_wconf 90' lang='lat' dir='ltr'>Immo,</span> <span class='ocrx_word' id='word_1_148' title='bbox 1373 2607 1462 2666; x_wconf 88' lang='lat' dir='ltr'>illi</span> <span class='ocrx_word' id='word_1_149' title='bbox 1493 2608 1813 2687; x_wconf 84' lang='lat' dir='ltr'>Principes</span> <span class='ocrx_word' id='word_1_150' title='bbox 1836 2628 1989 2686; x_wconf 87' lang='lat' dir='ltr'>quos</span> 
     </span>
     <span class='ocr_line' id='line_1_24' title="bbox 248 2711 1991 2792; baseline -0.001 -20"><span class='ocrx_word' id='word_1_151' title='bbox 248 2717 468 2772; x_wconf 89' lang='lat' dir='ltr'>contra</span> <span class='ocrx_word' id='word_1_152' title='bbox 497 2711 568 2770; x_wconf 90' lang='lat' dir='ltr'>fit</span> <span class='ocrx_word' id='word_1_153' title='bbox 598 2711 939 2791; x_wconf 82' lang='lat' dir='ltr'>aggressio,</span> <span class='ocrx_word' id='word_1_154' title='bbox 972 2733 1114 2771; x_wconf 91' lang='lat' dir='ltr'>cum</span> <span class='ocrx_word' id='word_1_155' title='bbox 1158 2711 1542 2792; x_wconf 72' lang='lat' dir='ltr'>principatus</span> <span class='ocrx_word' id='word_1_156' title='bbox 1580 2713 1724 2792; x_wconf 86' lang='lat' dir='ltr'>jura</span> <span class='ocrx_word' id='word_1_157' title='bbox 1767 2711 1881 2772; x_wconf 73' lang='lat' dir='ltr'>hac</span> <span class='ocrx_word' id='word_1_158' title='bbox 1926 2712 1991 2770; x_wconf 94' lang='lat' dir='ltr'>in</span> 
     </span>
     <span class='ocr_line' id='line_1_25' title="bbox 245 2814 1992 2895; baseline 0 -22"><span class='ocrx_word' id='word_1_159' title='bbox 245 2835 313 2874; x_wconf 90' lang='lat' dir='ltr'>re</span> <span class='ocrx_word' id='word_1_160' title='bbox 342 2835 468 2874; x_wconf 94' lang='lat' dir='ltr'>non</span> <span class='ocrx_word' id='word_1_161' title='bbox 496 2820 845 2886; x_wconf 83' lang='lat' dir='ltr'>exerceant,</span> <span class='ocrx_word' id='word_1_162' title='bbox 878 2815 1156 2894; x_wconf 79' lang='lat' dir='ltr'>profecto</span> <span class='ocrx_word' id='word_1_163' title='bbox 1179 2822 1242 2875; x_wconf 91' lang='lat' dir='ltr'>et</span> <span class='ocrx_word' id='word_1_164' title='bbox 1270 2815 1391 2895; x_wconf 91' lang='lat' dir='ltr'>ipsi</span> <span class='ocrx_word' id='word_1_165' title='bbox 1420 2816 1484 2875; x_wconf 92' lang='lat' dir='ltr'>in</span> <span class='ocrx_word' id='word_1_166' title='bbox 1513 2814 1628 2876; x_wconf 72' lang='lat' dir='ltr'>hac</span> <span class='ocrx_word' id='word_1_167' title='bbox 1657 2814 1992 2875; x_wconf 88' lang='lat' dir='ltr'>universali</span> 
     </span>
     <span class='ocr_line' id='line_1_26' title="bbox 243 2918 1989 2999; baseline 0.001 -22"><span class='ocrx_word' id='word_1_168' title='bbox 243 2939 453 2979; x_wconf 87' lang='lat' dir='ltr'>rerum</span> <span class='ocrx_word' id='word_1_169' title='bbox 502 2918 823 2978; x_wconf 87' lang='lat' dir='ltr'>eversione</span> <span class='ocrx_word' id='word_1_170' title='bbox 868 2919 1203 2999; x_wconf 90' lang='lat' dir='ltr'>participes</span> <span class='ocrx_word' id='word_1_171' title='bbox 1255 2919 1432 2978; x_wconf 91' lang='lat' dir='ltr'>fiunt.</span> <span class='ocrx_word' id='word_1_172' title='bbox 1523 2919 1611 2978; x_wconf 89' lang='lat' dir='ltr'>Hi</span> <span class='ocrx_word' id='word_1_173' title='bbox 1667 2920 1812 2979; x_wconf 80' lang='lat' dir='ltr'>vero</span> <span class='ocrx_word' id='word_1_174' title='bbox 1862 2939 1989 2979; x_wconf 92' lang='lat' dir='ltr'>non</span> 
     </span>
     <span class='ocr_line' id='line_1_27' title="bbox 245 3020 1987 3102; baseline -0.001 -22"><span class='ocrx_word' id='word_1_175' title='bbox 245 3021 561 3081; x_wconf 89' lang='lat' dir='ltr'>ducuntur</span> <span class='ocrx_word' id='word_1_176' title='bbox 588 3020 654 3080; x_wconf 92' lang='lat' dir='ltr'>in</span> <span class='ocrx_word' id='word_1_177' title='bbox 683 3021 857 3101; x_wconf 83' lang='lat' dir='ltr'>pejus</span> <span class='ocrx_word' id='word_1_178' title='bbox 901 3042 1012 3101; x_wconf 92' lang='lat' dir='ltr'>per</span> <span class='ocrx_word' id='word_1_179' title='bbox 1040 3022 1384 3102; x_wconf 90' lang='lat' dir='ltr'>passiones,</span> <span class='ocrx_word' id='word_1_180' title='bbox 1417 3043 1617 3101; x_wconf 89' lang='lat' dir='ltr'>neque</span> <span class='ocrx_word' id='word_1_181' title='bbox 1657 3021 1987 3081; x_wconf 90' lang='lat' dir='ltr'>utilitatem</span> 
     </span>
     <span class='ocr_line' id='line_1_28' title="bbox 243 3125 1983 3206; baseline 0 -23"><span class='ocrx_word' id='word_1_182' title='bbox 243 3125 484 3196; x_wconf 87' lang='lat' dir='ltr'>exinde,</span> <span class='ocrx_word' id='word_1_183' title='bbox 516 3146 596 3184; x_wconf 87' lang='lat' dir='ltr'>ne</span> <span class='ocrx_word' id='word_1_184' title='bbox 643 3131 1050 3205; x_wconf 87' lang='lat' dir='ltr'>apparentem</span> <span class='ocrx_word' id='word_1_185' title='bbox 1099 3126 1366 3206; x_wconf 88' lang='lat' dir='ltr'>quidem,</span> <span class='ocrx_word' id='word_1_186' title='bbox 1401 3145 1653 3204; x_wconf 91' lang='lat' dir='ltr'>sperare</span> <span class='ocrx_word' id='word_1_187' title='bbox 1698 3130 1983 3203; x_wconf 89' lang='lat' dir='ltr'>possunt.</span> 
     </span>
     <span class='ocr_line' id='line_1_29' title="bbox 243 3226 1986 3307; baseline -0.001 -21"><span class='ocrx_word' id='word_1_188' title='bbox 243 3227 481 3288; x_wconf 87' lang='lat' dir='ltr'>Debilis</span> <span class='ocrx_word' id='word_1_189' title='bbox 509 3227 703 3307; x_wconf 88' lang='lat' dir='ltr'>igitur</span> <span class='ocrx_word' id='word_1_190' title='bbox 733 3229 975 3288; x_wconf 90' lang='lat' dir='ltr'>animus</span> <span class='ocrx_word' id='word_1_191' title='bbox 1019 3229 1085 3288; x_wconf 91' lang='lat' dir='ltr'>in</span> <span class='ocrx_word' id='word_1_192' title='bbox 1116 3228 1299 3288; x_wconf 69' lang='lat' dir='ltr'>causa</span> <span class='ocrx_word' id='word_1_193' title='bbox 1335 3234 1465 3298; x_wconf 84' lang='lat' dir='ltr'>est3</span> <span class='ocrx_word' id='word_1_194' title='bbox 1513 3234 1838 3306; x_wconf 86' lang='lat' dir='ltr'>peccatum</span> <span class='ocrx_word' id='word_1_195' title='bbox 1868 3226 1986 3285; x_wconf 85' lang='lat' dir='ltr'>uti-</span> 
     </span>
     <span class='ocr_line' id='line_1_30' title="bbox 245 3329 1987 3411; baseline -0.001 -22"><span class='ocrx_word' id='word_1_196' title='bbox 245 3351 364 3410; x_wconf 89' lang='lat' dir='ltr'>que</span> <span class='ocrx_word' id='word_1_197' title='bbox 391 3331 671 3391; x_wconf 89' lang='lat' dir='ltr'>omnium</span> <span class='ocrx_word' id='word_1_198' title='bbox 700 3333 1041 3392; x_wconf 84' lang='lat' dir='ltr'>maximum</span> <span class='ocrx_word' id='word_1_199' title='bbox 1083 3333 1150 3391; x_wconf 93' lang='lat' dir='ltr'>in</span> <span class='ocrx_word' id='word_1_200' title='bbox 1191 3332 1267 3391; x_wconf 92' lang='lat' dir='ltr'>iis</span> <span class='ocrx_word' id='word_1_201' title='bbox 1314 3331 1420 3411; x_wconf 87' lang='lat' dir='ltr'>qui</span> <span class='ocrx_word' id='word_1_202' title='bbox 1449 3329 1680 3391; x_wconf 70' lang='lat' dir='ltr'>vicaria</span> <span class='ocrx_word' id='word_1_203' title='bbox 1709 3330 1987 3408; x_wconf 89' lang='lat' dir='ltr'>gaudent</span> 
     </span>
     <span class='ocr_line' id='line_1_31' title="bbox 245 3433 1986 3515; baseline -0.001 -21"><span class='ocrx_word' id='word_1_204' title='bbox 245 3433 635 3494; x_wconf 86' lang='lat' dir='ltr'>auctoritate.</span> <span class='ocrx_word' id='word_1_205' title='bbox 725 3435 893 3496; x_wconf 90' lang='lat' dir='ltr'>Huic</span> <span class='ocrx_word' id='word_1_206' title='bbox 952 3437 1117 3497; x_wconf 76' lang='lat' dir='ltr'>certe</span> <span class='ocrx_word' id='word_1_207' title='bbox 1174 3434 1415 3515; x_wconf 91' lang='lat' dir='ltr'>ingenti</span> <span class='ocrx_word' id='word_1_208' title='bbox 1464 3434 1626 3493; x_wconf 88' lang='lat' dir='ltr'>malo</span> <span class='ocrx_word' id='word_1_209' title='bbox 1676 3434 1775 3494; x_wconf 90' lang='lat' dir='ltr'>vel</span> <span class='ocrx_word' id='word_1_210' title='bbox 1825 3451 1986 3493; x_wconf 86' lang='lat' dir='ltr'>unus</span> 
     </span>
    </p>
   </div>
  </div>
 </body>
</html>
