2236 3814
1049 283 1127 340 43

229 445 415 525 'hujus
445 444 674 506 silentii
705 466 1012 525 exponere
1031 446 1279 506 valebit.
1370 447 1646 527 Incapax
1673 449 1972 509 reddendi

233 548 540 609 rationem
571 569 681 608 cur
712 548 789 608 ab
819 547 934 608 hac
962 569 1116 609 voce
1146 549 1586 609 abstinendum
1617 552 1970 624 arbitretur,

234 653 366 734 ipse
395 659 532 712 tum
562 673 599 712 a
630 673 714 724 se,
746 658 887 719 tum¹
924 653 1001 712 ab
1043 652 1131 711 eis
1173 653 1542 732 quibuscum
1582 655 1972 734 colloquitur,

236 755 495 816 minoris
540 755 969 816 aestimabitur.
1058 755 1319 815 Amittit
1360 755 1633 815 fructum
1678 758 1809 836 ejus
1855 759 1975 818 dis-

239 859 479 940 ciplinae
528 880 663 938 quae
708 858 934 918 falsum
980 879 1271 940 spernere
1317 860 1547 920 docens
1586 861 1975 933 vocabulum,

238 963 657 1044 generationis
701 984 878 1023 novae
941 962 1142 1043 (paene
1201 963 1488 1043 dixerim)
1537 971 1749 1044 partes
1809 966 1940 1046 agit
1961 989 1976 1038 ;

238 1087 382 1128 cum
425 1067 688 1147 simplex
731 1067 1082 1128 obedientia
1127 1068 1515 1148 contemptui
1559 1075 1656 1129 est
1715 1070 1983 1130 obnoxia

239 1171 408 1251 apud
434 1171 716 1231 homines
744 1170 927 1251 hujus
957 1171 1277 1251 temporis,
1312 1193 1350 1231 a
1380 1172 1603 1251 quibus
1634 1173 1835 1232 omnis
1868 1173 1985 1233 Dei

241 1276 448 1337 cultus
504 1295 618 1356 pro
675 1274 846 1335 mera
904 1276 1367 1357 superstitione,
1423 1277 1662 1357 Deique
1714 1279 1983 1338 cultores

241 1401 356 1461 pro
379 1379 699 1439 imbecillis
729 1380 1060 1439 habentur.
1150 1380 1338 1440 Hunc
1359 1381 1490 1460 jam
1520 1382 1836 1461 fingamus
1870 1380 1983 1442 Ca-

241 1483 543 1543 tholicum
588 1505 625 1543 a
667 1483 949 1545 Parocho
995 1504 1107 1543 suo
1160 1485 1470 1557 edoctum,
1515 1485 1619 1564 qui
1667 1492 1730 1545 et
1772 1486 1905 1565 ipse
1949 1507 1986 1545 a

246 1585 488 1648 Summi
530 1586 850 1648 Pontificis
896 1608 1002 1648 ore
1048 1588 1396 1648 doctrinam
1436 1589 1773 1668 receperit3
1820 1590 1986 1649 unde

243 1691 318 1751 fit
355 1698 429 1751 ut
466 1691 831 1751 rationalem
868 1712 1140 1752 errorem
1170 1691 1268 1752 Via
1303 1692 1608 1764 Rationis,
1641 1714 1770 1753 non
1799 1714 1986 1753 merae

243 1794 585 1876 Religionis
663 1796 762 1855 vel
834 1795 1268 1868 Auctoritatis,
1345 1796 1564 1856 calleat
1636 1797 1983 1875 explodere.

245 1898 565 1974 Quantum
638 1898 1008 1959 discrimen!
1101 1899 1248 1979 Ipse
1306 1921 1433 1959 non
1492 1900 1621 1960 alio·
1670 1901 1856 1960 modo
1916 1922 1988 1961 ac

244 2002 549 2064 Dominus
634 2003 767 2082 ipse
856 2001 1145 2062 Christus
1232 2003 1604 2075 PharisaeOS‚
1698 2002 1989 2063 Socrates

249 2105 576 2188 Sophistas
620 2106 1047 2178 convincebat,
1102 2107 1182 2166 ad
1241 2107 1699 2166 convincendos
1773 2109 1988 2167 adver-

249 2211 445 2272 sarios
480 2217 666 2291 aptus
710 2210 1073 2271 efficeretur.
1163 2210 1256 2270 De
1295 2210 1428 2291 ipsa
1467 2211 1636 2271 vocis
1683 2211 1988 2290 significa-

246 2315 418 2376 tione
459 2315 876 2394 interroganS‚
915 2320 1390 2394 percontaretur
1435 2330 1719 2393 quaenam
1763 2315 1992 2375 existat

246 2420 466 2481 relatio
550 2419 716 2479 inter
772 2419 1137 2479 methodum
1196 2420 1507 2499 quandam
1579 2420 1656 2479 de
1727 2420 1992 2480 veritate

250 2525 614 2596 disserendi,
647 2530 711 2583 et
755 2524 1126 2584 vocabulum
1169 2545 1281 2603 per
1325 2524 1491 2603 quod
1534 2530 1744 2583 motus
1790 2524 1991 2604 desig-

249 2634 437 2689 netur
492 2627 849 2688 materialis.
940 2627 1199 2687 Definiri
1233 2628 1483 2706 juberet
1525 2634 1662 2687 tum
1706 2649 1992 2707 campum

251 2730 739 2812 geographicum
789 2751 901 2809 per
953 2750 1137 2809 quem
1185 2729 1422 2790 moveri
1474 2730 1623 2810 quid
1674 2731 1992 2803 asseritur,

251 2840 388 2894 tum
431 2834 619 2894 etiam
659 2833 808 2913 quid
852 2833 953 2904 sit,
986 2853 1295 2912 quamque
1323 2832 1444 2893 late
1474 2839 1707 2914 pateat,
1733 2833 1798 2892 id
1829 2834 1994 2913 quod

253 2944 558 2998 movetur.
646 2935 925 2997 Ulterius
970 2958 1103 2997 rem
1152 2938 1454 3017 urgendo,
1507 2943 1751 3017 peteret
1780 2939 1992 2996 adum-

253 3042 602 3103 brationem
653 3041 921 3120 aliquam
965 3040 1130 3100 illius
1181 3041 1380 3100 futuri
1436 3041 1736 3119 temporis
1793 3041 1994 3100 adhuc

253 3145 432 3206 nobis
470 3145 691 3225 ignoti,
725 3145 891 3224 quod
932 3165 1151 3205 versus
1200 3143 1780 3224 “progrediendum
1802 3141 1839 3167 '⁹
1875 3148 1991 3203 est.

254 3249 360 3308 Ad
414 3234 773 3329 expressam
821 3249 1168 3329 impelleret
1219 3247 1700 3308 declarationem
1751 3247 1826 3306 de
1875 3248 1996 3307 hoc

258 3353 606 3432 Proqressu,
637 3352 850 3413 utrum
878 3373 1074 3414 necne
1105 3353 1188 3412 sit
1221 3352 1287 3410 in
1325 3349 1496 3410 recta
1524 3349 1621 3410 via
1664 3351 1744 3410 ad
1785 3350 1994 3430 singu-

256 3456 460 3517 lorum
532 3477 790 3518 casuum
863 3456 1175 3529 notitiam,
1251 3455 1331 3516 ad
1401 3460 1686 3514 exactam
1756 3453 1996 3532 Legum
