2236 3814
1017 231 1095 291 56

253 401 471 461 “Hinc
503 406 599 460 est
629 399 795 479 quod
823 397 951 458 acri
969 398 1172 457 animo
1195 396 1527 457 dolendum
1547 394 1628 454 sit
1645 391 1909 472 Religio-

178 526 323 566 nem
350 505 418 564 in
460 503 572 564 hac
615 501 840 562 Politia
868 522 981 582 pro
1011 499 1313 581 participe
1352 499 1540 559 fuisse
1568 498 1906 557 inductam.

180 609 312 669 Nec
333 608 488 668 bene
520 613 730 667 actum
751 606 998 665 videtur
1028 605 1104 663 ab
1134 604 1208 663 iis
1241 603 1345 683 qui
1365 622 1562 681 nuper
1584 597 1911 679 Religioni,

180 715 432 793 ejusque
489 710 812 780 ministris,
875 709 1204 778 dictavere,
1249 713 1322 765 ut
1380 705 1689 785 quandam
1743 701 1914 761 hisce

179 815 487 876 violentiis
537 814 886 893 religiosam
929 810 1465 871 accommodarent
1510 805 1911 867 sanctionem.

183 918 612 998 Saepenumero
653 918 719 975 in
761 915 1008 995 templis
1055 933 1429 995 personuere
1473 910 1733 981 cantica,
1767 909 1915 969 dum

182 1022 315 1082 Deo
363 1020 579 1101 gratiae
631 1025 963 1100 agerentur
1013 1038 1124 1097 pro
1155 1015 1510 1077 victoriisa
1553 1013 1686 1073 Deo
1730 1011 1915 1071 male-

183 1126 383 1196 dictis,
417 1126 643 1185 nedum
674 1125 754 1183 ad
783 1124 935 1202 Ejus
966 1122 1228 1202 gloriam
1256 1115 1685 1180 facientibus.’'

266 1229 455 1289 Hisce
497 1228 689 1307 igitur
730 1227 984 1287 vocibus
1028 1246 1179 1284 usus
1225 1230 1320 1283 est
1379 1223 1524 1282 olim
1568 1220 1915 1300 Episcopus

181 1330 662 1411 Moguntiensis,
733 1330 880 1408 quin
951 1335 1165 1387 tamen
1241 1325 1702 1385 distinctionem
1777 1344 1912 1403 per-

183 1435 466 1515 cepisset,
487 1433 720 1511 injusta
740 1433 903 1490 inter
920 1432 1098 1500 bella,
1123 1436 1185 1488 et
1203 1428 1444 1498 illicita,
1482 1428 1591 1487 sed
1614 1428 1694 1485 ad
1711 1426 1917 1506 priora

182 1534 613 1597 tantummodo
673 1540 982 1613 spectanS,
1047 1533 1273 1611 illaque
1340 1537 1698 1590 nostrorum
1754 1536 1911 1589 tem-

183 1662 404 1721 porum
447 1640 745 1719 probrum
801 1644 999 1708 ratuS,
1064 1642 1125 1695 et
1189 1636 1570 1716 periculum:
1634 1626 1962 1720 indigna-¹¹

183 1745 428 1804 bundus
477 1749 690 1801 tamen
737 1747 799 1800 et
851 1742 1085 1810 dolens,
1138 1740 1327 1799 immo
1374 1739 1634 1798 horrens
1685 1738 1918 1798 indicat

185 1848 587 1926 Religionem,
622 1847 768 1904 dum
817 1845 1003 1904 armis
1035 1843 1307 1903 adversis
1343 1842 1686 1913 benedicat,
1718 1841 1917 1921 ipsam

186 1973 319 2012 esse
350 1957 746 2010 exsecratam.

271 2056 607 2114 Testantur
652 2055 786 2112 haec
838 2051 1280 2112 conscientiam
1322 2051 1767 2130 perturbatam,
1815 2070 1921 2110 cor

187 2159 499 2219 afflictum.
588 2158 676 2216 At
702 2157 842 2216 vero
873 2178 1056 2235 quam
1086 2155 1437 2234 hujusmodi
1465 2155 1712 2214 Valeant
1742 2154 1919 2214 affec-

185 2269 309 2331 tus,
344 2262 531 2321 etiam
563 2281 702 2319 cum
748 2260 1010 2338 egregiis
1063 2259 1249 2317 animi
1293 2259 1540 2317 dotibus
1587 2257 1918 2336 conjuncti,

189 2366 267 2423 ad
324 2364 692 2423 medicinam
751 2362 1183 2421 inveniendam
1227 2368 1411 2439 atque
1469 2360 1917 2439 applicandam,

190 2468 336 2525 dum
369 2466 750 2524 desideretur
779 2464 1124 2523 necessaria
1152 2485 1358 2522 rerum
1391 2463 1923 2522 circumstantium

189 2569 478 2647 cognitio,
525 2567 826 2644 imprimis
880 2588 955 2625 ex
997 2567 1120 2636 illo,
1154 2567 1317 2625 unde
1359 2587 1558 2645 pauca
1602 2587 1790 2646 supra
1820 2588 1921 2626 ex-

191 2671 552 2750 cerpsimuS,
585 2670 741 2729 libro
773 2670 1188 2748 cognoscitur.
1278 2670 1417 2729 Hoc
1446 2670 1616 2741 item,
1641 2670 1705 2728 in
1736 2690 1920 2750 opere

191 2776 290 2836 cui
346 2775 567 2833 titulus
631 2780 668 2805 “
697 2772 1027 2833 Germania
1085 2773 1278 2852 qualis
1338 2774 1419 2832 sit
1475 2780 1619 2854 post
1678 2774 1922 2835 Bellum

190 2878 359 2937 Anni
390 2876 615 2947 1866,”
653 2878 728 2935 de
772 2877 972 2936 causis
1021 2876 1140 2935 hoc
1189 2877 1418 2935 bellum
1462 2877 1918 2948 inducentibUS,

190 2987 566 3040 tractaretur
594 2999 844 3039 necesse
876 2986 1025 3038 erat.
1117 2979 1360 3038 Harum
1390 3000 1715 3038 causarum
1734 2986 1924 3058 prout

191 3083 404 3144 revera
439 3083 845 3170 exstiterunt,
890 3103 969 3141 ne
1012 3103 1199 3141 unam
1243 3082 1490 3162 quidem
1533 3090 1748 3143 auctor
1785 3104 1926 3163 per-

194 3187 413 3266 spexit.
502 3186 820 3246 Nonnulla
863 3186 938 3245 de
968 3184 1161 3243 Danis
1202 3204 1330 3264 prae
1360 3205 1566 3245 errore
1594 3192 1828 3258 narrat,
1861 3192 1926 3247 et

194 3310 270 3349 ex
312 3289 482 3349 falsis
546 3290 643 3349 his
715 3288 1070 3371 praemissiS‚
1140 3288 1352 3351 statim
1421 3288 1607 3350 falsas
1673 3290 1924 3351 deducit

195 3392 688 3472 consequentias.
785 3391 1049 3454 Demum
1091 3391 1169 3453 de
1210 3390 1471 3453 terribili
1498 3393 1604 3454 illo
1635 3413 1709 3454 ac
1739 3393 1926 3455 sacri-
