2236 3814
1116 220 1194 278 95

300 379 418 470 que
459 388 858 470 perniciosaS,
903 387 966 448 vi
1025 392 1275 458 coactae,
1327 393 1460 446 tum
1519 386 1854 466 separatim
1899 392 2035 444 tum

299 495 663 574 conjunctae,
694 493 1068 553 habuerunt.

385 597 536 673 Quae
567 597 795 658 Russia
825 596 1040 677 egerit,
1074 617 1186 676 per
1218 594 1585 656 saeculorum
1618 593 1838 653 seriem
1878 612 2040 653 com-

298 709 599 784 putantur
626 727 638 764 :
696 703 826 783 ejus
875 700 1232 772 adversarii,
1268 700 1346 758 ad
1374 719 1572 758 unum
1602 697 1843 768 insulsi,
1875 697 2040 756 inter

300 814 508 868 arctos
538 806 847 866 mensium
889 804 1118 865 limites
1151 810 1214 864 et
1244 803 1485 863 dierum
1513 807 1863 862 versantur.
1953 799 2042 859 Hi

301 913 722 992 speculantur,
771 910 903 991 agit
944 910 1066 969 illa.
1158 908 1246 967 Hi
1297 905 1765 986 contemplatui,
1814 903 2044 965 actioni

297 1016 404 1076 illa
439 1015 722 1076 'insistit
838 1015 1024 1074 Ultra
1097 1034 1352 1074 suorum
1424 1012 1770 1072 animorum
1835 1016 2042 1070 motus

302 1119 606 1201 speculari
644 1124 966 1198 nequeunt
990 1140 1006 1189 ;
1057 1118 1276 1198 quibus
1305 1117 1602 1197 pabulum
1632 1117 1817 1175 datur
1847 1116 2038 1174 abun-

301 1224 456 1283 dans
500 1223 567 1281 in
608 1222 684 1282 iis
731 1222 1020 1282 omnibus
1062 1243 1198 1302 quae
1228 1222 1361 1302 jam
1397 1227 1582 1281 antea
1611 1221 1740 1300 ejus
1770 1219 2042 1299 impulsu

299 1327 618 1398 fecerunt3
667 1347 931 1406 quorum
953 1333 1165 1386 tamen
1188 1332 1617 1386 anteactorum
1638 1326 1769 1404 jam
1795 1323 2043 1383 omnino

303 1439 451 1492 sunt
482 1432 692 1503 obliti3
739 1453 940 1511 neque
972 1432 1137 1491 enim
1165 1432 1396 1490 norunt
1420 1431 1569 1510 quid
1592 1429 1855 1509 egerint,
1882 1449 2043 1499 cum,

300 1535 471 1595 nulla
525 1536 663 1612 lege
720 1536 785 1595 in
835 1537 1119 1616 ipsorum
1171 1535 1457 1595 cordibus
1507 1534 1832 1604 existente,
1887 1531 2048 1592 oculi

303 1662 518 1701 eorum
591 1640 782 1701 densa
853 1641 1293 1721 opprimuntur
1364 1639 1642 1718 caligine.
1733 1638 2044 1715 Praecepta

304 1747 519 1806 etenim
536 1746 786 1806 Domini
814 1746 1167 1805 illuminant
1190 1745 1404 1804 oculos,
1474 1743 1558 1802 Et
1583 1765 1619 1802 a
1637 1730 1897 1803 terribili
1920 1742 2045 1813 illo,

303 1851 593 1931 omnique
626 1872 735 1931 spe
765 1871 984 1922 vacuo,
1017 1849 1083 1908 in
1116 1871 1236 1930 quo
1267 1869 1590 1909 versamur
1612 1868 1821 1907 rerum
1853 1851 2046 1918 statu,

305 1955 505 2014 solum
557 1956 736 2015 adest
796 1953 1266 2034 effugium,-—in
1317 1951 1563 2013 Divinae
1614 1951 2046 2029 Humanaeque

305 2057 492 2138 Legis
523 2058 944 2118 restitutione.
1035 2056 1254 2135 Neque
1296 2055 1459 2115 enim
1491 2055 1668 2114 aliter
1696 2053 2050 2132 intelligent

304 2168 442 2221 tum
476 2161 950 2233 Oonsistorium,
973 2168 1112 2220 tum
1142 2160 1326 2220 Orbis
1346 2160 1714 2230 Universus,
1738 2158 2047 2238 quomodo

309 2273 349 2300 ‘⁶
377 2267 743 2348 Temporale
787 2267 1111 2328 Pontificis
1164 2265 1525 2325 Dominium
1546 2264 1581 2290 '’
1639 2264 1851 2344 turpia
1903 2270 2052 2324 sunt

304 2374 627 2444 vocabula,
662 2380 727 2433 et
754 2373 1048 2433 indecora
1067 2394 1084 2443 ;
1136 2391 1273 2450 quae
1327 2370 1433 2450 qui
1476 2369 1735 2450 profert,
1771 2368 1887 2428 sibi
1930 2367 2050 2447 ipsi

308 2498 516 2539 casses
545 2477 770 2537 tendit.

392 2581 616 2656 Quare,
644 2601 876 2661 quaeSO,
906 2581 975 2640 in
1003 2580 1331 2642 Pontificis
1363 2580 1671 2639 duntaxat
1716 2599 1885 2650 casu,
1927 2599 2055 2638 non

309 2687 386 2746 de
418 2685 791 2745 auctoritate
822 2684 1034 2764 Regia,
1071 2705 1272 2745 sermo
1304 2684 1395 2755 fit,
1433 2685 1543 2744 sed
1586 2684 1663 2743 de
1698 2689 1736 2715 “
1762 2682 2055 2742 Dominio

309 2789 663 2870 Temporali
689 2788 724 2814 ”
751 2789 779 2848 Ρ
835 2788 1155 2850 Gallorum
1179 2788 1553 2869 Imperatori
1581 2789 1682 2848 vel
1711 2786 2055 2847 Lusitaniae

308 2893 469 2975 Regi
524 2914 708 2954 nemo
767 2893 1023 2953 ascribit
1085 2900 1124 2926 “
1158 2893 1526 2973 Temporale
1585 2889 2051 2952 Dominium'':

310 2999 458 3058 dum
490 3005 718 3070 tamen,
749 2998 866 3058 hos
910 2998 1075 3058 inter
1119 3005 1183 3058 et
1226 2997 1617 3067 Pontificem,
1665 2996 1731 3054 in
1778 3016 1848 3054 eo
1893 2994 2057 3073 quod

301 3102 640 3183 potestatis
702 3122 828 3163 suae
896 3109 1189 3162 naturam
1256 3106 1501 3181 spectat
1561 3106 1623 3159 et
1679 3099 2053 3170 functiones,

309 3207 550 3266 nullum
609 3213 706 3266 est
757 3207 1109 3267 discrimen.
1201 3205 1533 3266 Neminem
1596 3204 1811 3283 utique
1870 3203 2052 3282 fugit,

310 3310 748 3392 praerogativis
794 3331 949 3391 quas
1002 3311 1167 3371 circa
1216 3310 1449 3371 bellum
1499 3308 1661 3388 gerit
1713 3313 1775 3368 et
1817 3327 2055 3387 pacem,

313 3415 498 3476 aliam
529 3415 884 3496 superaddi,
919 3416 1280 3496 spiritalem.
1370 3411 1604 3473 Verum
1634 3418 1698 3472 et
1727 3411 1972 3472 Russiae
1997 3417 2059 3470 et
